2090 2723
205 314 428 350 Tentacul
440 324 557 346 orum
569 337 579 351 ‚
610 317 647 345 in
679 312 875 346 Asteriis
910 316 1088 347 obviorum
1121 315 1333 348 characteres
1371 316 1563 358 essenti-ales
1597 320 1633 348 in
1666 319 1822 350 omnibus
1856 320 1991 361 quidem

103 381 208 413 iidem
226 383 322 413 sunt,
348 377 487 406 minime
507 381 617 405 autem
643 376 679 405 in
694 375 850 406 omnibus
877 381 995 406 exacte
1021 376 1205 406 secundum
1223 376 1367 406 eundem
1387 383 1487 422 1)Ῑ1115
1513 377 1811 419 finguntur.1n
1835 379 1989 414 omnibus
2021 384 2030 392 “

105 449 219 471 saccos
241 435 393 467 referunt
408 434 583 476 oblongos,
611 429 691 465 satis
708 444 860 476 magnos,
889 434 929 464 ab
947 436 1093 465 invicem
1111 437 1248 465 omnino
1263 441 1447 487 separatos,
1463 447 1529 466 11111.
1522 436 1609 488 lique
1632 436 1774 473 clausos,
1801 448 1844 468 ex
1863 437 1991 468 duabus

67 500 70 501 ⁷
104 497 254 540 partibus
267 517 276 531 ,
303 494 407 525 altera
424 496 556 524 interna
574 493 749 530 1)1·ον1010,
778 493 882 524 altera
900 499 1041 525 externa
1055 497 1270 537 compositos.
1322 493 1403 525 Pars
1422 497 1566 532 interna,
1593 497 1704 526 minor
1722 502 1863 527 externa
1880 498 1930 533 et}
1955 499 1992 527 111

103 553 271 587 nonnullis
286 555 486 595 praesertim
503 553 678 594 speciebus
690 575 699 590 ‚
725 552 825 595 longe
849 555 1003 590 tenuior,
1029 555 1066 584 in
1085 565 1165 585 cavo
1183 554 1268 584 radii
1284 556 1475 585 continetur
1485 577 1493 591 ,
1521 555 1704 585 v·ertebiar
1700 566 1754 585 1111
1779 557 1914 598 corpori
1942 556 1994 585 su⁴

103 615 323 658 perimposita
344 618 375 642 et
394 623 470 642 cum
488 616 630 642 externa
645 623 709 654 ope
728 612 914 649 canaliculi,
933 614 1001 643 sive
1018 615 1123 655 partis
1146 612 1298 644 nonnihil
1314 615 1420 655 magis
1439 619 1641 650 contractae,
1659 615 1694 644 in
1711 613 1875 645 foramine
1891 616 1994 644 inter-
2029 605 2032 610 Α

104 672 285 705 vertebrali
304 673 433 713 positae
445 694 454 707 ,
474 669 642 701 cohaeret.
684 669 765 702 Pars
781 670 864 702 haec
889 677 1062 703 contracta
1079 671 1148 703 Sola
1164 678 1234 708 est,
1249 675 1283 702 in
1301 683 1366 714 qua
1381 672 1549 703 tentacula
1565 683 1641 702 curn
1661 684 1803 715 corpore
1822 675 1993 704 uniuntur.

104 731 185 762 Pars
204 737 346 761 externa
361 732 396 760 in
412 730 525 766 sulco,
569 729 691 760 faciem
717 730 917 761 inferiorem
933 731 1107 762 radiorum
1129 738 1351 773 percurrente
1370 733 1477 773 posita
1489 754 1497 768 ‚
1525 733 1634 773 major
1652 739 1683 763 et
1705 735 1862 768 crassior,
1879 740 1993 763 versus

104 789 204 822 finem
222 789 366 820 liberum
384 791 509 820 sensim
529 795 715 826 attenuata,
745 801 879 832 semper
898 801 942 820 ex
959 790 1087 822 duabus
1103 791 1319 827 membranis,
1347 793 1481 821 interna
1496 793 1673 828 crassiori,
1692 791 1853 828 firmiori,
1880 789 1996 821 1101110-

103 859 222 891 genea,
239 853 380 878 externa
397 850 556 884 tenuiori,
573 848 672 890 longe
692 848 859 891 fi‘agiliori
873 852 1097 892 componitur.
1135 850 1175 880 In
1192 857 1286 892 parte
1304 861 1380 881 cum
1399 852 1543 886 interna³
1560 856 1632 880 tum
1648 857 1789 882 externa
1804 850 1907 881 fibrae
1934 851 1997 880 cir-

104 907 246 944 culares,
263 909 298 937 in
315 906 484 938 nonnullis
503 911 705 949 praesertim
722 909 909 950 speciebus,
927 911 1052 952 optime
1069 912 1332 952 perspiciuntur.
1384 908 1584 939 Extremum
1608 908 1731 940 horum
1747 908 1996 940 tentaeulorum

103 965 249 997 liberum
264 968 300 995 in
316 966 465 1002 discum,
503 968 536 996 in
555 967 723 998 nonnullis
743 971 922 1010 praecipue
940 970 1117 1011 speciebus
1133 969 1226 1000 valde
1252 971 1469 1011 conspicuum
1481 957 1703 1005 ,*clilatat11r‚
1743 971 1800 1009 qui
1826 967 1997 1010 applanari

101 1030 137 1054 et
154 1024 291 1054 extendi
310 1026 391 1054 etin
410 1035 527 1056 cavum
544 1026 664 1057 tubum
683 1038 822 1058 coecum
838 1030 979 1065 mutari,
1008 1035 1041 1058 et
1069 1031 1116 1059 sic
1140 1029 1302 1059 suctionis
1326 1027 1515 1058 functiones
1540 1029 1664 1069 optime
1689 1026 1852 1069 perficere
1874 1031 1997 1068 potest.

103 1082 197 1113 Sacci
215 1082 273 1119 hi,
298 1094 427 1120 cavum,
456 1091 612 1126 respectu
640 1089 806 1127 parietum
820 1110 829 1124 ‚
857 1074 1043 1117 maximum
1066 1086 1272 1123 referentes,
1299 1088 1392 1116 tenui
1415 1096 1547 1127 semper
1568 1086 1742 1128 replentur
1758 1085 1879 1121 fluido,
1905 1084 2005 1131 quod

103 1152 166 1185 ope
185 1151 343 1172 vasorum
360 1141 449 1174 infra
467 1143 767 1176 describendorum
791 1148 825 1176 in
839 1134 961 1177 'eornm
980 1157 1097 1177 cavum
1113 1145 1251 1177 instillat
1274 1155 1334 1187 per
1358 1144 1512 1175 foramen
1525 1147 1560 1174 in
1575 1147 1680 1187 partis
1700 1146 1860 1175 externae
1875 1145 1998 1186 princi-
2032 1160 2038 1163 -

102 1202 159 1242 pio
178 1202 336 1242 positum.
390 1201 545 1232 Fluidum
566 1201 630 1233 hoc
647 1205 675 1234 si
694 1215 737 1234 ex
752 1210 847 1246 parte
871 1206 1005 1236 interna
1025 1207 1058 1235 in
1086 1211 1261 1236 externam
1286 1203 1507 1246 propellitur,
1542 1202 1625 1234 haec
1647 1202 1858 1245 protrahitur
1887 1208 1920 1233 et
1943 1213 2000 1233 ex-

103 1259 274 1298 tenditur-3
311 1265 499 1291 retrorsum
521 1262 653 1303 pulsum
671 1286 681 1300 ,
717 1270 849 1306 partem
870 1266 1037 1296 internam
1063 1263 1174 1300 inflat,
1215 1264 1305 1296 unde
1338 1264 1443 1305 ipsius
1467 1272 1546 1293 usus
1569 1265 1603 1292 in
1626 1261 1853 1293 locomortione
1876 1260 2022 1292 horum1

104 1317 296 1348 animalium
315 1316 411 1349 facile
428 1320 642 1362 perspicitur.

204 1375 431 1408 Differentiae
449 1377 569 1410 harum
583 1383 731 1422 partium
745 1383 920 1426 specificae
940 1386 1121 1426 praecipue
1147 1386 1182 1414 in
1199 1393 1315 1414 earum
1339 1391 1483 1425 numero
1505 1386 1538 1411 et
1560 1381 1792 1423 magnitudine
1818 1386 1998 1423 ponuntur.

102 1433 142 1464 In
177 1431 221 1465 A.
257 1438 504 1474 arantiaca,
530 1438 770 1482 laevigata,
796 1443 1069 1477 umbilicata,
1099 1442 1306 1483 simplicem,
1346 1447 1463 1471 contra
1484 1442 1520 1470 in
1544 1438 1588 1470 A.
1622 1442 1871 1476 arantiaca,
1912 1439 1998 1481 gla-

104 1492 226 1529 ciali,
254 1492 276 1522 h
287 1504 302 1523 e
313 1504 335 1534 p
346 1499 359 1522 t
370 1505 387 1523 a
398 1505 415 1524 c
427 1497 457 1524 ti
469 1506 516 1525 ne
527 1519 536 1533 ,
564 1498 732 1539 duplicem
747 1503 888 1537 seriem,
917 1506 1094 1530 externam
1110 1504 1141 1528 et
1157 1499 1346 1533 internam,
1373 1501 1409 1528 in
1432 1497 1641 1539 singulorum
1666 1498 1840 1528 radiorum
1857 1497 1998 1541 dimidio

102 1550 264 1582 referunt.
292 1550 331 1580 In
350 1553 518 1584 nonnullis
537 1563 647 1585 autom
667 1558 841 1594 spos-jobus
853 1581 862 1591 ,
881 1560 1062 1600 praecipue
1081 1554 1124 1586 A.
1144 1566 1187 1585 ar
1200 1565 1216 1585 a
1228 1557 1373 1586 ntiaca
1386 1578 1395 1591 ,
1418 1554 1579 1585 formatio
1596 1557 1766 1597 reperitur
1785 1556 2000 1594 intermedia,

105 1619 181 1640 cum
199 1611 287 1639 sacci
301 1619 379 1650 pars
390 1611 523 1640 interna
538 1611 662 1652 ubique
678 1611 867 1643 bifurcetur
885 1620 917 1644 et
932 1616 1043 1655 primo
1059 1614 1219 1656 adspectu
1237 1614 1319 1644 duos
1347 1613 1481 1644 referat.

207 1666 239 1698 O
250 1678 266 1697 r
276 1678 296 1709 g
307 1677 324 1697 a
335 1669 401 1697 nis
425 1679 459 1698 m
472 1680 489 1698 a
499 1679 513 1699 s
526 1675 536 1700 t
547 1671 558 1699 i
569 1681 586 1700 c
597 1676 663 1701 ato
674 1673 753 1701 riis
772 1670 805 1702 A
816 1682 829 1702 s
840 1678 855 1701 t
866 1683 882 1702 e
893 1674 929 1702 ri
940 1683 957 1702 a
969 1682 984 1703 s
1005 1683 1134 1709 carere,
1151 1674 1289 1703 omnino
1306 1672 1332 1703 C
1345 1685 1365 1703 u
1376 1685 1389 1704 1
1403 1675 1439 1702 ie
1452 1683 1467 1702 r
1477 1675 1508 1703 ii
1536 1675 1701 1704 sententia
1724 1671 1780 1710 est,
1800 1668 1931 1706 aculcos
1948 1678 2000 1707 ori

106 1729 232 1758 vicinos
243 1748 252 1762 ,
270 1726 349 1756 dum
369 1737 484 1758 versus
500 1728 592 1772 idem
610 1736 808 1760 moveantur
825 1731 867 1761 ad
883 1731 1045 1772 praedam
1062 1732 1275 1762 retinendam
1292 1731 1403 1762 facere
1418 1742 1516 1773 posse
1527 1755 1536 1769 ,
1551 1733 1629 1763 ideo
1646 1739 1759 1763 tamen
1778 1736 1915 1764 minime
1936 1745 2000 1777 pro

106 1780 261 1815 dentibus
283 1783 456 1817 habendos
482 1778 752 1825 essegdicentis.
781 1789 818 1828 ⁵)
871 1789 910 1819 In
937 1788 1134 1822 Asteriis
1163 1793 1280 1822 stricte
1309 1793 1356 1821 sic
1381 1791 1477 1821 dictis
1502 1790 1584 1821 haec
1603 1782 1717 1833 opinio
1740 1798 1788 1827 sat
1804 1790 1899 1822 firma
1927 1802 1999 1824 esse

106 1843 257 1879 videtur,
292 1847 441 1883 quamvis
465 1845 518 1876 hic.
543 1858 674 1889 quoque
700 1850 871 1878 neminem
896 1847 1015 1890 fugere
1039 1852 1163 1891 possit,
1200 1849 1394 1880 aculeorum
1412 1861 1590 1880 numerum
1607 1861 1723 1881 versus
1740 1861 1776 1881 os
1802 1853 1849 1881 ita
1871 1855 1999 1894 augeri,

107 1912 230 1942 eosque
249 1903 295 1932 ita
309 1905 406 1944 poni,
440 1910 476 1934 ut
496 1915 613 1936 revera
629 1906 670 1936 ad
687 1908 985 1938 comminuendum
1001 1908 1113 1938 eibum
1139 1908 1250 1939 facere
1275 1911 1423 1950 possint3
1463 1911 1497 1938 111
1531 1907 1745 1951 Ophiuris
1774 1913 1884 1940 autem
1908 1897 1999 1941 hahi-

104 1966 159 1991 'tus
178 1962 344 2002 partium,
366 1963 402 1991 in
429 1965 498 1994 oris
515 1965 641 1995 ambitu
662 1968 869 2007 positarum,
897 1966 1003 1997 multo
1019 1969 1126 2008 magis
1153 1968 1304 1998 dentium
1328 1966 1471 1997 formam
1488 1970 1648 1998 imitatur.

206 2018 449 2051 Glandularum
468 2022 677 2054 salivalium
668 2036 701 2054 111
722 2025 812 2055 nulla
830 2027 992 2061 omnium,
1009 2036 1091 2066 quas
1110 2026 1343 2062 dissecuinms,
1360 2029 1470 2068 specie
1492 2037 1639 2067 unquam
1657 2027 1799 2059 vidimus
1815 2026 1891 2060 viest
1883 2032 1999 2072 iginum,

107 2079 258 2119 quamvis
275 2080 311 2107 in
337 2077 485 2110 Astei
476 2083 507 2110 11
519 2092 533 2112 s
560 2085 648 2114 veiis
666 2083 775 2114 adsint
791 2090 918 2125 partes,
940 2095 1082 2134 quarum
1100 2096 1200 2115 nemo
1219 2084 1327 2116 adhuc
1345 2084 1423 2115 fecit
1439 2087 1645 2115 mentionem
1663 2091 1695 2116 et
1716 2097 1797 2127 quas
1821 2090 1932 2130 plinio
1952 2091 2000 2119 in-

109 2139 196 2167 tuitu
213 2147 276 2178 pro
297 2135 389 2168 hisce
414 2141 548 2181 organis
573 2140 750 2173 habuimus
762 2165 771 2179 ,
814 2153 845 2172 11
842 2154 904 2173 1110
921 2149 1032 2173 autem
1048 2146 1224 2188 systemati
1240 2155 1326 2177 vase
1320 2144 1405 2174 ulari
1422 2145 1461 2174 ad
1478 2144 1643 2175 tentacula
1666 2147 1849 2187 pertinenti
1875 2146 2000 2177 adscri-

109 2195 235 2225 bendas
255 2206 328 2226 esse
344 2201 497 2238 persuasi
512 2209 636 2230 sumus.
689 2198 883 2243 Apparatus
901 2202 1101 2234 intestinah's
1120 2213 1255 2253 saccum
1280 2202 1386 2234 refert
1406 2209 1565 2241 tenuem,
1593 2215 1742 2245 coecum,
1771 2205 1903 2236 nonnisi
1929 2203 2007 2236 uno'

111 2256 197 2284 ostio
214 2260 402 2295 patentem,
423 2257 514 2297 qnod
529 2260 634 2299 igitur
650 2261 718 2290 oris
736 2262 857 2301 auique
875 2262 964 2291 vices
979 2263 1075 2303 gerit.
1093 2285 1106 2296 ,
1130 2260 1179 2293 Os
1197 2264 1307 2305 ipsum
1325 2263 1510 2293 rotundum
1525 2269 1643 2294 exacte
1660 2265 1694 2294 in
1711 2262 1809 2294 faciei
1825 2262 1997 2294 inferimss

111 2315 263 2354 corporis
280 2320 396 2344 centro
415 2318 562 2357 ponitur.

180 2375 185 2376 ⁷
209 2370 314 2401 Ducit
336 2372 375 2401 ad
403 2373 631 2417 oesophagum
648 2377 905 2414 brevissimum,
923 2378 1180 2422 amplissimum,
1198 2375 1255 2422 qui
1280 2391 1378 2426 saepe
1403 2383 1442 2414 ab
1459 2382 1593 2414 animali
1615 2383 1783 2414 esuriente
1805 2386 1999 2413 extrorsum

109 2430 305 2471 projicitur,
331 2439 431 2473 saepe
446 2434 493 2463 ita
507 2433 667 2466 dilatatur
688 2442 723 2466 nt
741 2436 870 2467 nullum
889 2438 959 2480 ejus
977 2438 1063 2470 adsit
1086 2442 1271 2483 vestigium.

146 2550 183 2585 G)
203 2550 234 2579 L.
256 2560 278 2578 c.
299 2551 332 2578 T.
354 2552 375 2579 Ι.
400 2562 427 2589 p.
448 2557 509 2588 544.
