2090 2723
1917 243 1957 270 11

69 311 187 343 eodem
203 308 337 339 animali
355 308 561 339 observatur.
616 305 753 348 Saepius
769 309 803 338 in
822 304 865 338 A.
894 310 1038 338 aranti
1050 317 1066 339 a
1079 317 1124 339 ca
1151 310 1185 339 in
1212 309 1353 351 singulis
1371 313 1505 343 nonnisi
1526 317 1595 344 tres
1616 314 1762 354 invenis3
1778 324 1888 350 servat
1904 331 1958 351 au-

23 381 25 383 ·
68 376 135 401 tem
152 367 190 398 cl.
217 367 256 398 M
268 379 312 398 cc
324 367 346 397 l<
357 368 465 398 elius
491 365 702 397 individuum
719 364 817 406 hujus
834 369 970 408 speciei,
999 369 1034 397 in
1048 378 1114 408 quo
1130 370 1164 397 in
1180 371 1290 409 primo
1308 371 1492 401 interstitio
1509 377 1591 408 t1·eS‚
1616 374 1650 402 in
1668 375 1829 412 secundo,
1857 381 1956 409 tertio

68 434 100 460 ct
117 432 258 467 quarto,
285 429 319 456 in
335 426 474 467 singulis
490 431 653 465 quatuor,
679 426 714 455 in
733 427 848 465 quinto
864 431 993 469 septem
1009 426 1092 458 tales
1110 430 1324 469 reperiuntur
1340 431 1441 465 sacci,
1468 432 1594 471 optime
1614 431 1654 461 ab
1673 433 1815 464 invicem
1834 435 1957 467 discre-

65 487 99 516 ti.
153 484 517 527 Sempersingulorum
543 494 718 515 saccorum
745 484 876 515 canales
905 495 1020 515 versus
1045 484 1148 518 finem
1170 489 1340 517 internum
1366 490 1546 525 uniuntur,
1586 490 1674 520 unde
1698 492 1820 523 canalis
1847 496 1956 529 oritur

6 515 15 527 ἱ

10 536 22 543 ae

65 546 249 576 communis
266 544 515 577 brevissimusff
573 542 639 574 Ubi
656 553 816 574 numerus
839 545 1025 574 ternarium
1050 545 1202 582 excedit,
1244 546 1315 576 bini
1330 546 1380 577 vel
1400 549 1488 578 terni
1504 550 1684 586 uniuntur,
1725 557 1904 592 antequam
1921 555 1956 584 in

65 614 277 635 communem
293 609 441 633 meatum
459 601 645 639 confluant,
673 602 730 633 ubi
747 604 881 633 nonnisi
898 605 985 633 terni
1003 610 1101 640 sunt,
1129 615 1245 636 omnes
1263 605 1381 648 eodem
1398 604 1473 636 loco
1487 608 1522 636 111
1539 618 1644 638 unum
1667 612 1878 642 conveniunt.

164 652 305 693 Canales
321 672 514 693 comumnes
535 673 578 692 ex
596 660 805 703 singulorum
823 660 942 692 horum
965 665 1088 693 unione
1113 666 1178 694 orti
1200 666 1236 694 in
1259 663 1409 695 canalem
1435 653 1639 707 circularem
1658 668 1796 705 abeunt,
1839 681 1955 704 osseae

6 718 29 730 ⁹
64 717 236 763 compagi,
277 720 313 752 os
339 722 561 752 circumdanti
586 720 808 762 insculptum,
850 722 1100 762 parietibusque
1122 723 1310 754 tcncliuosis
1334 724 1491 754 cinctum.
1570 723 1748 758 Praeterea
1770 730 1804 758 111
1828 740 1895 761 uno
1911 742 1955 762 ex

48 782 208 822 ¹quinque
226 779 353 822 augulis
368 779 641 811 interradialibus
659 781 795 821 ponitur
813 779 936 811 canalis
954 790 1089 817 osseus,
1132 782 1197 821 jam
1214 788 1421 813 memoratus
1433 806 1442 818 ,
1483 784 1578 830 cujus
1602 789 1793 826 praesentia
1815 791 1954 822 minime

27 871 34 875 ,
62 839 222 881 ampullas
237 841 272 870 in
290 837 354 869 hoc
371 839 492 881 angulo
508 838 657 870 excludit
669 861 679 874 ‚
706 849 746 868 ne
764 840 798 868 in
817 848 933 868 earum
951 850 1128 870 numerum
1147 841 1284 881 quidem
1302 847 1335 871 et
1356 833 1624 882 magnitudinem
1645 843 1764 876 influit.
1819 832 1953 880 Caiialjs

62 897 234 934 circularis
260 900 295 928 in
312 900 458 939 quinque
476 897 613 929 finditur
629 907 740 928 ramos
753 921 761 934 ,
792 897 931 939 singulis
946 898 1049 929 radiis
1065 901 1120 939 qui
1139 899 1363 942 respondent,
1391 901 1541 931 medium
1559 912 1676 933 eorum
1695 906 1823 935 intrant
1840 913 1891 943 et,
1918 910 1954 938 in

53 955 146 987 -facie
179 956 342 987 inferiore
364 960 497 999 nonnisi
522 959 613 987 tenui
633 963 708 987 cute
734 958 835 992 tecti,
865 959 954 988 inter
978 957 1226 990 tentaculorum
1253 961 1377 989 seriem
1392 969 1412 993 va
1431 959 1502 989 basi
1526 960 1567 991 ad
1593 964 1722 1003 apicem
1757 964 1951 998 decurrunt.

60 1013 133 1046 Hos
158 1026 174 1046 a
192 1018 352 1057 ‚superuis
376 1018 403 1046 si
425 1016 610 1047 secundum
640 1014 886 1057 longitudinem
919 1019 1090 1058 aperueris
1113 1039 1122 1053 ,
1163 1019 1199 1047 111
1225 1017 1388 1051 lateribus
1409 1024 1441 1049 et
1466 1018 1550 1050 facie
1573 1019 1735 1056 inferiore
1759 1025 1792 1053 in
1818 1022 1954 1055 forami-

57 1084 101 1104 na
124 1074 243 1105 incidis
279 1081 440 1115 quatuor,
484 1077 518 1105 in
559 1075 676 1112 eadem
710 1073 798 1105 linea
831 1081 1023 1106 transversa
1054 1087 1138 1117 quae
1175 1082 1364 1118 ponuntur,
1399 1077 1538 1118 singulis
1575 1080 1739 1111 vertebris
1775 1087 1807 1112 et
1842 1084 1954 1125 singu-

57 1126 98 1163 lis
132 1132 378 1163 tentaculorum
412 1134 547 1174 paribus
584 1139 702 1164 exacte
736 1134 985 1176 respondentia.
1056 1134 1109 1166 Ex
1138 1141 1283 1176 quatuor
1312 1134 1403 1168 hisce
1431 1134 1655 1169 foraminibus
1689 1139 1756 1170 duo
1788 1142 1952 1172 interiora

59 1192 274 1227 vicinissima,
292 1198 452 1228 externa,
479 1191 631 1225 lateralia
650 1193 689 1222 ab
707 1191 758 1224 his
773 1193 872 1235 longe
891 1195 1075 1224 remotiora
1089 1199 1175 1224 sunt.
1230 1193 1426 1225 Clarissime
1443 1201 1593 1237 apparet,
1619 1202 1661 1227 ex
1682 1204 1825 1239 ultroque
1846 1199 1952 1232 latere

14 1252 23 1262 ²
58 1249 267 1282 ramusculos
287 1251 380 1281 abire
392 1274 400 1287 ‚
429 1250 663 1287 foraminibus,
679 1262 755 1282 cum
774 1252 986 1289 lateralibus,
1012 1259 1084 1284 tum
1100 1251 1319 1286 inferioribus
1344 1254 1588 1295 respondentes
1609 1257 1691 1286 etin
1705 1258 1951 1290 tentaculorum

58 1318 176 1339 cavum
192 1309 361 1342 ducentes.
416 1309 510 1341 Haec
527 1311 594 1351 jam
612 1309 710 1341 cultri
733 1322 796 1353 ope
814 1311 875 1341 tibi
891 1311 1068 1353 patefiunt3
1086 1311 1206 1352 quodsi
1223 1317 1336 1342 autem
1353 1315 1558 1343 mercurium
1577 1312 1770 1346 adhibueris
1782 1339 1791 1352 ‚
1807 1316 1951 1350 clariora.

58 1369 158 1398 etiam
176 1367 319 1398 evadunt
336 1374 370 1399 et
387 1371 512 1410 optime
529 1367 788 1409 confirmantur3
815 1368 869 1400 hic
887 1372 995 1407 enim,
1020 1373 1055 1400 in
1073 1369 1232 1412 ampullas
1247 1372 1409 1408 intrusus,
1438 1378 1580 1409 mentm,
1608 1383 1692 1414 quos
1714 1361 1949 1414 indicavimus,

56 1435 172 1457 omnes
189 1426 306 1467 implet
325 1433 357 1457 et
375 1438 418 1457 ex
435 1429 516 1468 ipsis
533 1430 567 1457 111
584 1427 832 1458 tentaculorum
849 1438 967 1459 cavum
983 1434 1147 1469 penetrat.
1199 1429 1462 1461 lN‘Iemorandum
1484 1437 1595 1462 tamen
1607 1454 1616 1468 ‚
1656 1436 1864 1465 mercurium
1878 1434 1950 1466 fere

30 1504 34 1506 ἡ
57 1489 190 1526 sem'per
208 1483 388 1526 ampullam
405 1487 514 1526 potius
532 1486 579 1515 ita
594 1485 734 1524 implere
751 1489 805 1518 ut,
834 1491 1048 1524 summopere
1066 1482 1229 1520 distenta,
1274 1494 1471 1526 rumpatur,
1516 1500 1616 1529 quam
1643 1501 1687 1520 ex
1704 1501 1742 1520 ea
1758 1494 1793 1520 in
1810 1492 1949 1524 ductum

57 1533 284 1575 excretorium
298 1543 435 1572 intrare.
491 1541 621 1586 Quodsi
638 1551 699 1583 per
724 1540 903 1582 ampullam
927 1544 983 1571 aut
999 1543 1113 1574 statim
1128 1543 1164 1571 in
1183 1541 1321 1572 ductum
1347 1548 1578 1574 excretorium
1601 1547 1713 1586 ipsum
1737 1545 1840 1578 fuerit
1865 1551 1949 1591 inje-

56 1608 128 1633 ctus
140 1624 150 1638 ‚
178 1601 292 1632 eadem
309 1593 521 1631 facilitate'in
538 1601 676 1639 ductum
692 1598 891 1630 circularem
904 1609 960 1636 ae,
989 1606 1082 1630 motu
1103 1601 1324 1642 retrogrado,
1348 1603 1382 1631 in
1399 1601 1580 1644 ampullas,
1619 1607 1819 1645 praesertim
1841 1608 1877 1637 111
1896 1619 1949 1645 eo-

55 1659 133 1697 dem
149 1660 270 1702 angulo
285 1662 610 1702 positasspenetrat.
691 1652 878 1690 Rarissime
894 1657 1058 1700 ampullae
1079 1664 1110 1688 et
1121 1659 1288 1690 tentacula
1311 1659 1361 1690 vel
1383 1662 1482 1691 unius
1505 1666 1637 1692 tantum
1654 1663 1740 1693 radii
1767 1665 1883 1696 eadem
1898 1669 1946 1698 in-
1980 1661 1985 1663 ”

54 1718 198 1760 jectione
214 1718 408 1760 implent-ur,
425 1726 500 1748 cum
517 1724 572 1748 aut
589 1728 644 1749 vas
665 1723 721 1747 aut
736 1716 904 1747 tentacula
918 1716 1076 1748 facillime
1094 1717 1358 1760 disrumpantur.
1412 1718 1613 1760 Injectiones
1633 1721 1730 1757 alias,
1750 1725 1860 1754 minus
1877 1724 1944 1756 for-

53 1775 133 1807 tite}
150 1779 320 1807 mercurio
334 1782 546 1823 prementes,
572 1777 717 1817 ideoque
735 1775 853 1808 forsan
865 1777 972 1817 magis
990 1775 1147 1812 idoneas,
1166 1788 1233 1807 non
1250 1776 1464 1809 adhibuimus
1476 1801 1486 1815 ‚
1510 1790 1586 1810 cum
1608 1780 1737 1818 cultro,
1763 1787 1836 1812 tum
1857 1794 1945 1814 mer-

54 1837 148 1866 curio
164 1835 205 1866 de
229 1838 408 1866 momentis
433 1834 665 1866 essentialibus
687 1833 784 1874 hujus
801 1840 990 1865 structurae
1009 1835 1237 1866 memorabilis
1265 1838 1343 1867 satis
1360 1838 1525 1867 certiores
1540 1837 1629 1871 facti,

153 1893 230 1924 Hoc
248 1895 351 1935 igitur
366 1903 522 1925 vasorum
539 1903 686 1938 sysrema
710 1895 890 1934 praecipue
912 1892 1158 1924 tentaculorum
1184 1897 1359 1938 systemati
1387 1898 1582 1937 prospicere
1607 1897 1739 1929 videtur
1761 1905 1794 1930 et
1826 1900 1941 1934 forsan

55 1957 248 1994 apparatum
264 1951 357 1983 fluidi
372 1954 407 1982 in
424 1954 577 1994 ipsorum
602 1963 683 1983 cavo
698 1953 849 1981 contenti
876 1952 963 1981 sistit
984 1955 1215 1983 secretorium.
1294 1952 1360 1984 Pro
1376 1964 1504 1995 organo
1519 1953 1617 1995 hujus
1640 1956 1733 1987 fluidi
1755 1962 1940 1991 secretorio

53 2009 212 2052 ampullas
228 2010 299 2042 illas
310 2033 319 2047 ,
346 2021 409 2053 pro
427 2008 600 2041 ductubus
611 2011 681 2049 ejus
699 2011 897 2040 excretoriis
915 2020 992 2040 vasa
1007 2009 1192 2041 habuerim:
1270 2011 1397 2042 Forsan
1414 2019 1524 2043 autem
1545 2010 1607 2044 hae
1623 2014 1784 2056 ampullae
1799 2018 1940 2050 cordum

51 2071 162 2110 potius
181 2075 283 2110 agunt
300 2071 388 2103 vices
404 2062 438 2100 et
455 2068 607 2107 fluidum,
621 2071 658 2099 in
673 2074 743 2099 toto
759 2067 822 2099 hoc
837 2078 993 2100 vasorum
1010 2075 1190 2113 systemate
1206 2069 1257 2101 vel
1275 2081 1337 2112 per
1357 2071 1431 2113 ejus
1442 2073 1588 2114 parietes
1613 2075 1760 2112 intrans,
1802 2079 1938 2109 nonnisi

6 2145 10 2149 —
47 2127 231 2169 impellunt.
1087 2130 1107 2134 ”

150 2185 234 2217 Utut
250 2189 313 2222 sit,
350 2186 413 2217 alia
427 2197 525 2224 vasa,
565 2187 649 2218 haec
674 2188 775 2218 modo
803 2188 972 2230 descripta
994 2191 1189 2220 comitantia
1214 2195 1246 2220 et
1268 2187 1427 2227 fluidum,
1470 2190 1511 2221 ab
1525 2193 1608 2233 ipsis
1624 2191 1665 2223 ad
1679 2192 1846 2224 tentacula
1860 2204 1938 2226 eon·

50 2244 187 2276 ductum
202 2244 397 2276 revelientia
414 2256 583 2286 nunquam
598 2247 684 2277 dete
677 2258 755 2288 gere
779 2250 960 2289 potuimus.

83 2304 94 2318 ⁴
150 2304 181 2334 V
185 2314 219 2335 as
235 2314 296 2345 per
312 2303 459 2333 medium
477 2305 608 2335 radium
625 2305 806 2337 decurrens
827 2307 866 2346 ej
862 2317 964 2347 isque
981 2317 1058 2337 cum
1073 2312 1095 2336 t
1093 2313 1194 2338 3¹«ntac
1188 2307 1249 2339 ilis
1263 2318 1391 2338 nexum
1411 2309 1478 2348 jam
1504 2307 1667 2341 Kadius
1695 2312 1802 2348 novit,
1832 2312 1934 2344 disei—

5 2348 26 2403 a
48 2363 90 2392 tis
109 2360 219 2392 tumbis
234 2362 348 2392 dicens
380 2361 422 2382 1⁷
409 2364 456 2400 ¹:)
485 2361 765 2398 „Distenduutur
783 2366 899 2395 ambae
917 2365 1109 2404 (vesiculae
1133 2372 1166 2396 et
1190 2366 1374 2408 papillae),
1402 2369 1430 2397 si
1452 2378 1513 2409 per
1529 2373 1657 2398 certum
1676 2369 1824 2408 canalem
1838 2369 1932 2401 flatus

50 2419 272 2462 „impellitun
324 2419 607 2463 Experimentum
622 2425 670 2453 sic
687 2425 894 2454 instituitur:
921 2423 1058 2466 Integer
1075 2430 1265 2467 amputatur
1282 2425 1395 2455 radius
1419 2428 1628 2467 quicunque3
1653 2441 1704 2466 -η
1730 2433 1810 2459 tunc
1835 2438 1933 2469 quae-

1216 2477 1219 2483 .
1326 2492 1348 2517 2
1377 2480 1396 2498 ff

73 2533 134 2582 >1-7)
155 2549 187 2577 L.
206 2557 228 2575 e.
249 2558 277 2579 ς).
299 2557 357 2575 vot.
