2090 2723
950 301 1018 345 'D
1070 303 1098 334 E

158 398 176 407 ’
395 360 1128 448 AsTERIARUM
1198 383 1688 436 FABRICA.

1311 510 1348 517 μγι

94 699 228 768 Asta
240 733 273 762 ri
286 741 407 763 arum
433 738 637 764 structuram
653 733 803 773 quamvis
821 723 991 763 non'unus
1010 727 1354 761 historiae'naturalis
1373 733 1470 769 atque
1489 727 1678 776 anatomiae
1694 729 1908 766 comparatae
1926 724 1991 755 cnl-

96 796 210 821 torum
226 790 397 822 illustrare
417 792 598 829 studuerit,
626 789 871 834 monogr-aphia
888 797 1001 821 tamen
1020 789 1172 820 nondum
1187 783 1285 818 datur
1304 786 1470 829 completa
1488 792 1520 817 et
1540 785 1656 828 figuris
1669 807 1678 821 ‚
1700 785 1812 815 omnia
1830 781 1992 813 exhiben-

96 850 185 881 tibus
202 851 436 882 memorabilia
453 858 581 883 ornata.
635 850 688 882 Sic
715 850 742 881 C
754 862 774 881 u
785 851 926 881 vieriu
938 859 952 880 s
980 851 1015 880 in
1031 847 1276 879 immortalibus
1301 847 1342 877 de
1362 848 1529 877 anatomia
1549 849 1744 887 comparata
1759 842 1991 885 praelectioni-

94 908 156 954 bus
182 910 288 941 multa
313 910 442 947 attulit,
483 916 500 942 e
524 912 645 952 quibus
677 911 871 950 compositis
902 915 999 949 atque
1022 910 1056 938 in
1080 918 1183 939 unum
1200 906 1344 937 redactis
1370 904 1649 947 monographiam
1682 905 1763 934 satis
1789 901 1990 943 completam

95 958 276 1012 compilare
295 972 424 1011 possis3
452 976 528 1001 ante
548 981 624 1001 eum
652 968 806 1000 Fisehe
819 978 889 999 rus
922 968 968 1007 ¹),
993 977 1099 1009 panca
1117 967 1266 1007 quidem,
1283 965 1341 996 sed
1358 964 1518 995 nonnulla
1536 971 1648 994 tamen
1667 964 1707 994 de
1725 961 1847 992 horum
1869 963 1990 991 anima-

93 1026 176 1058 lium
194 1035 365 1059 structura
393 1029 559 1071 adspersit
577 1031 690 1071 operi,
732 1029 905 1059 doctrinae
929 1027 969 1058 de
993 1018 1115 1057 eorum
1138 1024 1247 1055 forma
1276 1030 1418 1055 externa
1434 1029 1534 1064 atque
1553 1033 1717 1064 generum
1734 1023 1990 1063 specierumque

95 1085 288 1117 formationi
304 1090 483 1130 praecipue
503 1089 686 1127 destinat03
705 1087 866 1118 Kadius
888 1088 935 1125 2),
951 1085 1135 1128 paullulum
1152 1082 1356 1118 illolfelicius
1373 1088 1581 1113 structuram
1592 1080 1624 1111 A
1636 1092 1649 1111 s
1660 1087 1673 1111 t
1686 1093 1702 1111 e
1713 1083 1747 1110 ri
1758 1092 1774 1110 a
1785 1091 1873 1110 rum
1893 1090 1990 1121 opus-

63 1166 69 1169 ,
95 1144 169 1176 culo
181 1167 190 1181 ,
216 1148 350 1178 nonnisi
367 1145 456 1177 hunc
470 1149 506 1178 in
524 1146 623 1177 finem
641 1149 834 1189 conscripto
853 1146 1029 1177 enucleare
1045 1132 1191 1182 studuit3
1219 1141 1277 1172 Re
1289 1152 1379 1172 aum
1390 1152 1409 1171 u
1421 1143 1489 1171 riu
1501 1150 1515 1171 s
1547 1140 1580 1180 3)
1607 1146 1720 1182 partes
1740 1138 1928 1174 nonnullas,
1950 1138 1991 1169 acl

93 1209 221 1234 motum
242 1208 493 1247 progressixann
508 1211 718 1248 spectantes,
753 1208 878 1247 optime
906 1204 1102 1241 illustravit3
1135 1201 1254 1232 ultimo
1282 1200 1460 1242 Spixius
1487 1199 1554 1238 Ἀ),
1596 1205 1743 1243 systema
1762 1199 1989 1240 generationis

94 1269 124 1293 el
140 1273 321 1294 nervorum
342 1267 492 1305 quamvis
508 1267 688 1308 praecipue
708 1265 937 1307 indagandum
958 1263 1020 1294 sibi
1037 1263 1213 1306 sumserit,
1234 1266 1440 1291 structuram
1459 1269 1591 1299 quoque
1611 1268 1726 1288 earum
1741 1259 1776 1287 in
1795 1259 1991 1287 universum

94 1316 315 1353 adumbravit.
344 1322 430 1352 Cum
449 1330 559 1353 autem
575 1324 820 1356 illustrissimus
839 1323 904 1354 Me
916 1321 1062 1353 ckeliu
1073 1331 1087 1352 s
1115 1322 1150 1350 in
1166 1320 1369 1351 dissectione
1390 1320 1559 1349 variarum
1577 1316 1611 1348 A
1622 1323 1659 1347 st
1670 1327 1686 1347 e
1698 1318 1734 1347 ri
1748 1326 1790 1346 ar
1801 1327 1865 1346 um
1877 1338 1886 1353 ‚
1914 1326 1991 1345 cum

93 1385 168 1409 ante
187 1379 359 1426 biennium
389 1380 598 1423 Neapoli,
640 1387 711 1412 tum
738 1381 792 1412 hic
815 1384 967 1415 instituta
991 1383 1199 1423 specierum,
1227 1381 1262 1408 in
1286 1377 1446 1421 nonnulla
1469 1376 1627 1409 inciderit
1653 1378 1732 1407 satis
1758 1374 1990 1409 memorabilia

93 1440 259 1468 anemine
285 1444 396 1469 tamen
416 1447 620 1476 memorata,
655 1441 718 1471 alia
733 1442 901 1470 invenerit
928 1442 1037 1469 minus
1063 1440 1148 1467 bene
1172 1438 1362 1478 descripta,
1398 1442 1473 1472 aut,
1506 1447 1582 1466 cum
1612 1435 1667 1466 alii
1695 1443 1734 1465 ea
1754 1434 1989 1475 indicaverint,

91 1497 132 1527 ab
149 1496 240 1532 aljis,
267 1499 323 1536 qui
339 1504 415 1538 post
431 1508 487 1527 eos
504 1504 688 1531 venerunt,
728 1487 898 1536 neglecta,
931 1501 1109 1540 praeterea
1133 1494 1293 1525 nonnulla
1317 1495 1440 1526 viderit
1465 1494 1650 1525 secuudum
1668 1495 1798 1535 species
1819 1493 1918 1523 modo
1942 1495 1989 1522 in-

91 1561 287 1597 exspectato
305 1554 444 1585 differre
456 1578 466 1591 ,
494 1561 526 1585 et
543 1556 614 1596 ipse
632 1559 910 1596 praeparatorum
921 1576 930 1589 ‚
956 1553 1140 1594 figurarum
1157 1560 1255 1594 atque
1273 1553 1545 1584 observationum
1562 1553 1601 1594 ab
1621 1554 1695 1593 ipso
1711 1550 1876 1581 factarum
1892 1551 1988 1582 nobis

92 1616 222 1656 copiam
249 1612 369 1643 fecerit
385 1636 394 1650 ,
433 1601 602 1654 objectum
633 1612 696 1645 hoe
730 1611 844 1644 thema
875 1612 1123 1645 dissertationis
1148 1615 1284 1648 nostrae
1307 1607 1514 1650 inauguralis
1544 1609 1686 1650 seligere
1707 1632 1717 1646 ‚
1758 1608 1848 1644 haud
1870 1610 1988 1655 inutile

92 1672 260 1703 duximus.
1862 1663 1877 1672 “

191 1730 325 1774 Species
337 1733 387 1763 vir
398 1730 603 1762 clarissimus
614 1735 760 1763 examini
779 1732 921 1771 subjecit
931 1737 1020 1781 oeto3
1030 1741 1047 1761 e
1057 1731 1178 1771 quibus
1191 1735 1302 1760 autem
1309 1730 1443 1760 nonnisi
1457 1730 1603 1769 quinque
1621 1734 1671 1758 sat
1688 1728 1774 1758 bene
1786 1730 1988 1764 conveniunt

91 1789 254 1827 cumillis,
271 1800 352 1831 quas
369 1796 552 1834 systemata
568 1797 776 1822 enumerant.
807 1791 879 1821 Hae
895 1790 1032 1831 quidem
1044 1795 1121 1820 sunt
1139 1787 1196 1820 As
1206 1794 1218 1818 t
1229 1799 1245 1819 e
1258 1799 1273 1818 r
1283 1790 1292 1818 i
1304 1799 1321 1818 a
1332 1798 1346 1818 s
1377 1798 1393 1818 a
1404 1798 1419 1817 r
1429 1790 1543 1818 antia
1555 1798 1572 1817 c
1582 1798 1599 1817 a
1611 1809 1620 1824 ‚
1648 1797 1663 1816 r
1673 1787 1722 1817 ub
1735 1798 1752 1817 e
1762 1798 1782 1817 n
1792 1797 1805 1817 s
1815 1810 1824 1823 ‚
1852 1786 1917 1817 lae
1930 1789 1966 1818 vi
1977 1804 1988 1808 -

91 1861 112 1892 g
123 1856 163 1880 at
174 1860 202 1886 a,
212 1861 232 1891 p
243 1860 260 1879 a
270 1860 290 1891 p
301 1860 321 1893 y
333 1859 349 1878 r
360 1859 377 1879 a
389 1860 405 1879 c
415 1860 432 1879 e
444 1860 462 1879 a
490 1855 522 1879 et
544 1849 642 1892 ophi
658 1862 677 1880 u
688 1861 704 1880 r
717 1862 744 1882 a.
772 1849 953 1881 Praeterea
963 1855 1032 1879 tres
1043 1847 1121 1878 alias
1131 1847 1357 1878 observandas
1366 1845 1492 1876 habuit.
1520 1845 1652 1876 Harum
1667 1848 1827 1882 maxima,
1855 1843 1889 1876 A
1899 1856 1914 1878 s
1926 1852 1938 1875 t
1950 1857 1986 1877 e-

91 1911 183 1939 riae
211 1918 311 1939 aran
323 1909 409 1937 tiae
422 1918 467 1938 ae
494 1906 585 1939 haud
604 1909 745 1940 inultum
767 1908 928 1944 inferior,
962 1907 1055 1938 valde
1082 1906 1241 1947 frequens
1264 1908 1298 1937 in
1322 1907 1406 1936 mari
1427 1904 1669 1947 Neapolitano,
1698 1915 1775 1934 cum
1803 1902 1986 1935 Asteria

92 1966 274 2009 glacdali
302 1965 338 1996 L.
357 1969 462 2008 magis
482 1978 519 1998 ac
537 1979 613 1998 cum
637 1967 796 2009 reliquis,
823 1978 891 1997 non
914 1973 1026 1996 tamen
1056 1968 1213 2001 omnino,
1240 1967 1415 2003 convenit,
1442 1966 1622 2006 praecipue
1649 1963 1691 1993 ol)
1718 1962 1849 1994 aculeos
1876 1965 1985 1994 minus

92 2027 307 2070 symmetrice
327 2027 454 2066 positos
476 2026 515 2056 ab
536 2028 610 2068 ipsa
625 2027 766 2057 diversa.
810 2019 815 2022 ξ
845 2025 922 2056 Hoc
938 2031 1050 2056 tamen
1069 2027 1203 2054 nomine
1223 2014 1296 2054 eam
1315 2025 1552 2065 insigfflemus,
1580 2024 1729 2063 quamvis
1758 2028 1789 2052 et
1814 2024 1923 2063 patria
1945 2021 1985 2052 ab

91 2083 221 2126 glaciali
238 2083 374 2114 differat
386 2106 395 2119 ‚
422 2095 542 2126 parum
557 2084 686 2116 deshoc
704 2085 859 2122 solliciti,
882 2095 957 2115 cum
974 2083 1119 2126 plurima
1137 2082 1258 2114 horum
1279 2082 1479 2113 inferiorum
1495 2081 1652 2113 ordinum
1671 2080 1826 2111 animalia
1844 2080 1986 2112 clarissi-

89 2153 164 2173 mus
194 2140 441 2174 Meckelius
468 2146 636 2175 invenerit
662 2126 694 2175 iii
723 2146 806 2176 mari
822 2133 1092 2178 mediterraneo,
1133 2152 1217 2183 quae
1240 2143 1373 2173 nonnisi
1396 2143 1430 2171 in
1448 2141 1597 2173 maribus
1618 2140 1814 2181 longissime
1836 2139 1985 2172 distanti-

89 2201 153 2231 bus
170 2203 261 2231 nasci
277 2201 511 2236 credebantur.
540 2203 651 2234 Multo
667 2205 773 2245 magis
791 2214 867 2233 eum
885 2201 929 2233 A.
957 2201 1023 2244 gia
1035 2201 1140 2232 ciali
1168 2203 1324 2232 convenit
1339 2200 1402 2230 alia
1418 2202 1546 2242 species
1564 2209 1582 2229 a
1599 2198 1637 2230 cl.
1654 2199 1692 2229 M
1703 2209 1719 2228 e
1732 2208 1748 2228 c
1761 2196 1784 2228 l<
1796 2197 1880 2228 elio
1908 2208 1984 2229 exa-

89 2262 173 2291 mini
190 2260 359 2300 subjecta,
400 2261 459 2291 sed
484 2272 560 2292 cum
584 2262 624 2292 ab
643 2263 759 2293 eadem
782 2261 1012 2303 magnitudine
1034 2271 1133 2301 quam
1161 2262 1307 2294 maxime
1327 2258 1483 2295 differat,
1523 2257 1653 2300 glaciali
1670 2257 1776 2287 multo
1794 2254 1924 2293 minor,
1951 2262 1983 2287 et

90 2325 266 2360 praeterea
287 2317 358 2349 fere
379 2330 512 2362 semper
527 2321 603 2362 plus
620 2332 721 2362 quam
739 2323 885 2363 quinque
904 2321 1007 2351 radiis
1023 2322 1228 2355 instruatur,
1257 2319 1416 2355 eandem,
1458 2323 1597 2360 propter
1615 2315 1788 2346 radiorum
1804 2325 1983 2345 numerum

129 2406 162 2438 ι)
181 2406 212 2431 Ιιι
234 2407 432 2434 Linckii'de
454 2407 538 2434 uenis
556 2409 668 2435 marinis
687 2408 757 2435 libro
777 2408 914 2443 singulari.
932 2407 1007 2444 Lips.
1100 2407 1137 2442 5)
1157 2406 1240 2441 Me'm.
1268 2405 1302 2430 de
1325 2405 1384 2431 Pac.
1415 2405 1462 2431 des
1488 2413 1525 2431 sc.
1550 2413 1624 2438 ¹7¹0·
1653 2411 1678 2430 et
1699 2412 1774 2438 ¹7¹2·
1801 2403 1876 2437 cujus
1899 2402 1984 2428 latina

162 2452 237 2481 ’735-
1134 2450 1222 2475 versio
1242 2448 1330 2474 eidem
1349 2448 1424 2484 operi
1445 2456 1558 2476 annexa.

1099 2493 1138 2527 4)
1164 2493 1230 2519 Αιιη,
1251 2491 1287 2516 du
1307 2500 1375 2519 mus.
1395 2491 1448 2517 vol.
1469 2490 1536 2516 Xffl.
1556 2499 1583 2525 p.
1604 2492 1772 2522 438—453.
1808 2487 1892 2513 Me'm.
1913 2495 1983 2522 pour

123 2535 160 2570 2)
179 2533 280 2560 Stellae
306 2535 427 2561 marinae
449 2545 575 2563 anatome
595 2545 699 2563 annexa
720 2536 795 2572 operi
814 2536 970 2562 Linckiarm.
1135 2535 1216 2561 servir
1235 2534 1249 2559 ὲι
1267 2533 1349 2563 ΙῚιίει,
1368 2533 1402 2559 de
1421 2533 1536 2559 raste‘rie
1557 2541 1641 2567 rouge
1659 2539 1710 2558 etc.
