2090 2723
1993 89 2018 123 7

190 158 460 199 Iquoesequitur
476 155 700 192 ventriculus,
729 158 881 198 corporis
909 155 1072 192 medium,
1098 158 1187 186 inter
1212 156 1324 188 rad-ios
1343 159 1491 199 positum
1522 160 1677 202 implens.
1749 161 1889 193 Saccum
1912 163 2018 200 refert

92 217 382 254 rommlusculum‚
401 227 445 247 ex
461 218 607 257 quinque
627 214 746 246 loculis
762 214 864 245 modo
881 216 960 245 satis
984 214 1131 257 regulari
1148 217 1195 246 ita
1217 219 1441 260 compositum
1470 224 1507 250 ut
1541 219 1681 262 singulis
1703 221 1807 253 radiis
1832 222 1953 265 singuli
1971 222 2017 254 lo-

92 279 156 311 culi
173 276 415 319 respondeant.
1631 280 1633 283 ’

189 335 283 366 Inter
301 334 506 366 Asterias
534 343 628 365 veras
650 337 681 364 et
699 331 760 376 Op
770 332 922 365 hiuras
951 340 1108 377 respectu
1126 334 1255 365 formae
1282 343 1460 379 apparatus
1478 338 1676 380 digestionis
1695 341 1841 372 notabile
1865 343 2011 374 interce-

90 397 138 428 dii
157 396 353 426 discrimen.
382 392 420 423 In
438 391 489 424 his
506 393 605 434 longe
623 403 723 433 quam
740 395 773 423 in
791 392 855 424 illis
871 393 1056 435 simplicior
1073 399 1132 424 est.
1162 393 1278 425 Facies
1297 398 1385 426 sacci
1403 398 1600 428 intestinalis
1618 385 1773 440 superior
1792 398 1823 430 O
1836 399 1885 442 ph
1897 403 1905 430 i
1918 403 2009 433 uris

88 456 190 486 laevis
217 459 267 484 est
289 458 321 483 et
341 452 438 494 plana
453 474 462 488 ‚
499 462 574 482 cum
590 453 624 481 in
642 450 700 483 As
714 457 723 481 t
735 453 841 482 eriis
869 455 904 482 in
934 452 1045 483 media
1060 451 1124 482 hac
1137 451 1222 483 facie
1239 460 1409 495 ponantur
1426 457 1664 498 appendiculae
1685 458 1862 489 nonnullae
1880 470 2004 491 coccae

90 513 279 554 oblongae,
301 521 444 551 quarum
466 517 498 540 et
517 520 676 541 numerus
688 513 726 541 *et
744 510 921 552 longitudo
951 511 1136 542 secundum
1152 515 1285 553 species
1302 513 1466 544 differunt
1495 521 1527 545 et
1546 526 1688 556 quarum
1706 527 1835 553 cavum,
1851 521 2008 559 quamvis

90 583 166 604 cum
187 569 362 602 ventriculi
381 580 462 600 cavo
476 569 668 606 cohaereat,
685 567 809 600 isthmo
824 575 938 600 tamen
952 572 1031 601 satis
1053 570 1191 601 notabili
1209 571 1249 601 ab
1268 562 1386 602 eodem
1413 573 1613 614 sejungitur.
1669 574 1781 615 Majus
1809 583 1920 607 autem
1939 566 2007 610 dis-

89 633 219 663 crimen
237 628 386 660 offerunt
403 629 603 670 appendices
627 639 747 659 coccae
774 627 856 659 aliae
885 628 1018 665 decem,
1061 629 1163 671 longe
1180 631 1326 671 majores
1344 630 1395 661 his
1414 637 1446 661 et
1473 633 1695 664 ventriculum
1719 634 1819 676 lon‘ge
1842 647 2005 678 superan-

87 697 137 722 tes
149 713 157 726 ‚
186 690 319 720 nonnisi
335 690 368 718 in
388 687 422 718 A
434 698 447 717 s
458 694 471 717 t
483 698 499 718 e
511 689 592 718 riis
621 688 753 723 obviae,
782 697 925 728 quarum
940 690 974 718 in
996 686 1139 729 Ophiu
1150 691 1185 718 ri
1198 699 1212 719 s
1241 700 1283 719 ne
1297 692 1479 732 ‚vestigium
1501 692 1637 732 quidem
1655 696 1871 735 conspicitur.
1928 695 2004 726 Hae

89 749 290 792 appendices
311 747 484 777 radiorum
497 735 743 788 longitudinem
761 753 904 786 aequant
922 757 1001 787 eosq
1018 758 1046 777 ie
1061 748 1232 777 interdum
1251 751 1389 779 omnino
1406 749 1544 791 impleut
1556 773 1565 786 ,
1594 753 1641 781 ita
1658 754 1779 793 positi,
1805 759 1842 783 ut
1861 754 2003 795 singulis

88 809 192 839 radiis
217 817 277 848 par
301 817 416 837 earum
443 806 612 837 obveniat.
664 805 851 836 Racemum
874 805 1027 836 referunt
1054 806 1203 848 singulae
1225 817 1269 837 ex
1295 811 1581 840 numerosissimis
1606 810 1733 848 cellulis
1759 815 1997 854 compositum,

87 853 233 909 speciem
254 867 301 896 sic
318 856 519 907 praebentes
538 864 830 906 elegantissimam.
877 879 880 883 ·
910 864 1013 895 Sacco
1038 865 1150 896 medio
1175 868 1337 896 uniuntur
1359 878 1421 909 ope
1447 867 1570 898 canalis
1596 871 1786 901 tenuissimi
1816 870 1900 901 facie
1930 873 2003 911 ejus

87 926 257 967 superiori
285 914 392 966 prope
421 923 584 953 ambitum
606 925 734 954 inserti.
771 965 776 966 V
796 923 929 954 Scatcnt
952 923 1013 954 liae
1040 924 1240 966 appendices
1266 926 1453 956 substantia
1481 936 1612 963 crassa,
1652 928 1745 968 cujus
1769 929 1863 959 color
1881 941 1947 960 non
1967 932 2003 961 in

87 984 248 1015 omnibus
268 978 468 1024 speciebus,
493 984 527 1012 in
548 982 665 1012 eadem
685 989 796 1013 autem
813 985 924 1024 specie
944 993 1078 1025 semper
1095 984 1186 1031 ide-*ni
1202 989 1261 1014 est.
1315 984 1355 1014 In
1371 983 1414 1015 A.
1443 984 1620 1027 glaciali
1648 992 1680 1016 et
1708 987 1812 1018 rube
1825 995 1895 1019 nte
1924 990 2002 1020 bru-

85 1053 168 1074 neus
184 1065 193 1079 ,
229 1044 264 1072 in
278 1041 441 1082 reliquis,
469 1052 550 1082 quas
573 1041 812 1077 dissecuimus,
840 1041 982 1072 viridior
1002 1047 1061 1072 est.
1523 1033 1527 1037 ⁴

187 1100 322 1131 Harum
343 1100 570 1142 appendicum
587 1111 746 1131 numerus
765 1106 883 1131 exacte
901 1102 1053 1141 sequitur
1072 1112 1250 1135 numerum
1268 1103 1454 1140 radiorum,
1476 1109 1524 1141 ut,
1553 1104 1610 1135 ubi
1630 1107 1657 1135 is
1676 1106 1868 1146 quinarium
1890 1112 2000 1138 trans-

53 1169 57 1171 *
86 1160 244 1196 scendat,
270 1158 413 1189 totidem
435 1169 568 1199 quoque
586 1170 671 1190 nova
688 1159 910 1202 appendicum
926 1159 1084 1189 accedant
1108 1163 1212 1202 paria.
1272 1161 1349 1205 Hoc
1369 1162 1403 1192 *C
1416 1166 1580 1195 uvierii
1608 1164 1822 1195 observatum
1852 1176 1994 1207 magnus

85 1218 144 1252 As
156 1225 169 1249 t
180 1230 196 1250 e
207 1221 390 1254 riarum,
417 1216 482 1248 hoc
505 1218 606 1248 modo
630 1218 842 1249 abnormium
853 1241 862 1255 ‚
890 1218 1102 1250 diversarum
1121 1209 1311 1262 specierum
1329 1231 1496 1254 munerusv
1507 1233 1525 1253 a
1540 1222 1637 1254 nobis
1660 1222 1884 1254 dissectarum
1900 1224 1998 1255 nobis

87 1278 219 1315 abunde
244 1277 409 1320 probavit.

141 1335 144 1337 ’
193 1336 270 1367 Hae
288 1336 490 1378 appendices
508 1337 587 1378 quid
601 1338 665 1369 sibi
684 1338 805 1375 velint,
830 1341 866 1369 in
891 1340 1049 1382 ambiguo
1066 1345 1124 1370 est.

187 1394 428 1426 Cuvierius
456 1399 594 1427 minime
610 1397 651 1427 de
671 1386 872 1431 eorum'usu
892 1398 1055 1430 sollicitus
1072 1398 1175 1430 fuisse
1195 1399 1339 1437 videtur,
1368 1399 1590 1443 descriptioni
1608 1412 1724 1433 earum
1747 1402 1828 1433 satis
1854 1407 2000 1433 exactae,

84 1452 171 1487 nihil
189 1453 326 1484 addens.
356 1453 394 1493 ⁷)
446 1454 620 1496 Spixius
650 1461 769 1485 contra
786 1453 917 1494 hepatis
936 1457 1071 1484 nomine
1089 1458 1222 1487 easdem
1242 1461 1425 1500 insignivit.
1459 1460 1492 1498 8)
1546 1460 1642 1491 Haec
1665 1463 1853 1497 sententia,
1881 1471 1997 1501 quam-

88 1515 136 1544 vis
152 1515 223 1555 ipse
240 1523 302 1554 pro
320 1512 438 1542 eadem
468 1512 556 1541 nulla
574 1512 757 1542 adduxerit
775 1517 991 1551 argumenta,
1021 1523 1088 1542 non
1110 1517 1247 1546 omnino
1264 1518 1361 1546 nobis
1381 1528 1397 1546 a
1415 1529 1494 1548 vero
1521 1518 1627 1548 aliena
1653 1519 1786 1548 videtur
1798 1538 1808 1554 ‚
1849 1520 1883 1558 1)
1918 1530 1996 1550 cum

90 1556 190 1603 sinim
208 1570 309 1601 modo
328 1572 361 1599 in
378 1569 551 1600 vermibus
569 1567 736 1599 nonnullis
749 1590 758 1604 ‚
785 1578 813 1598 v.
831 1578 861 1609 g.
914 1567 1131 1609 Aphroditis,
1152 1579 1291 1609 magnus
1311 1571 1535 1611 appendicum
1552 1582 1713 1604 numerus
1741 1576 1846 1607 canali
1865 1578 1995 1609 intesti-

88 1629 157 1661 nah·
174 1629 392 1665 adnascatur,
425 1629 490 1658 situ
516 1634 547 1657 et
563 1628 760 1658 insertionis
776 1626 852 1657 loco
871 1627 1008 1656 omnino
1026 1624 1131 1668 hepar
1154 1626 1393 1667 referentium3
1427 1629 1465 1667 2)
1493 1630 1680 1662 substantia
1704 1635 1739 1663 jn
1765 1637 1871 1665 saccis
1900 1634 1993 1668 hisce

91 1693 248 1720 contenta
264 1690 298 1718 in
313 1684 708 1717 nonnullis-Asteriarum
724 1685 902 1728 speciebus
916 1686 1036 1715 exacte
1055 1683 1183 1715 referat
1200 1685 1305 1728 hepar
1314 1686 1556 1719 molluscorurn
1571 1691 1822 1729 nonnullorum,
1841 1705 1992 1736 praeser-

89 1749 151 1778 tim
168 1757 185 1777 e
203 1744 494 1788 Cephalopholum
512 1745 629 1776 ordine
642 1767 651 1781 ‚
675 1744 696 1775 S
708 1746 926 1786 aepiarum
956 1750 988 1774 et
1017 1742 1047 1775 O
1060 1744 1248 1786 ctopodu
1260 1756 1311 1785 ¹1¹3
1340 1747 1377 1790 3)
1403 1747 1523 1779 modus
1544 1751 1678 1781 unionis
1698 1749 1819 1782 horum
1834 1753 1992 1784 loborum

91 1816 282 1848 cumaesacco
299 1804 483 1848 intestinali
501 1815 565 1846 pro
585 1804 705 1834 eodem
724 1803 897 1833 militetur.
953 1798 988 1833 Si
1006 1805 1095 1833 enim
1117 1804 1152 1833 in
1170 1805 1370 1846 appendices
1390 1808 1552 1837 transii-et
1569 1804 1687 1840 suc'cus
1702 1812 1737 1840 in
1761 1820 1859 1842 sacco
1877 1812 1990 1843 medio

49 1861 59 1865 ’
92 1865 301 1900 elaboratus,
327 1874 395 1894 non
413 1874 476 1905 ope
496 1863 617 1894 ductus
635 1864 716 1893 satis
730 1862 825 1904 longi
844 1868 877 1892 et
891 1864 1025 1904 angusti
1044 1873 1119 1892 cum
1136 1863 1258 1907 eodem
1272 1864 1515 1907 jungerentur,
1542 1867 1602 1898 sed
1626 1868 1738 1911 amplo
1761 1869 1927 1901 foramine
1953 1872 1989 1901 in

92 1934 169 1955 eum
185 1923 325 1954 hiarent.

197 1982 356 2013 Fatemur
370 1987 505 2019 tamen,
534 1985 741 2025 argumentis
763 1981 856 2030 bisce
881 1983 1020 2024 minime
1045 1983 1171 2020 evinci,
1197 1994 1296 2016 usum
1311 1982 1401 2017 hunc
1423 1996 1542 2018 revera
1557 1985 1649 2019 hisce
1673 1988 1809 2030 organis
1835 1998 1907 2019 esse
1934 1987 1991 2019 ad-

94 2031 329 2078 scribendum,
356 2044 574 2083 praesertim,
612 2053 688 2073 cum
704 2045 739 2073 in
764 2042 980 2079 animalibus,
1014 2041 1215 2074 Asteriis
1244 2046 1478 2083 vicinissinn's,
1512 2044 1640 2077 nullum
1667 2051 1784 2078 eorum
1809 2048 1991 2088 vestigium

94 2106 262 2144 appareat.
299 2099 375 2131 Hoc
391 2105 504 2131 tamen
524 2102 738 2133 observatum
755 2104 893 2132 minime
919 2104 1055 2133 omnino
1081 2105 1287 2133 contrarium
1312 2105 1452 2147 probat,
1480 2116 1556 2135 cum
1573 2112 1730 2148 respectu
1743 2107 1934 2148 pancreatis
1952 2107 1988 2136 in

93 2162 236 2203 piscium
253 2159 351 2190 classi
369 2162 460 2190 idem
474 2160 633 2191 obtineat.
686 2160 759 2192 Lex
773 2163 886 2204 potius
905 2171 977 2191 esse
994 2161 1128 2191 videtur
1142 2173 1206 2204 pro
1225 2163 1413 2194 evolutione
1432 2175 1639 2206 organorum
1664 2166 1698 2194 iu
1715 2164 1909 2195 animalium
1937 2174 1987 2195 se-

93 2221 144 2250 rie
156 2243 165 2256 ,
192 2229 355 2260 organum
374 2230 497 2250 novum
513 2211 809 2262 quandoprimum
828 2226 982 2263 apparet,
1010 2221 1044 2250 id
1061 2231 1126 2251 non
1142 2223 1176 2251 in
1196 2223 1351 2269 omnibus
1371 2223 1521 2262 ejusdem
1538 2222 1652 2254 classis
1672 2223 1870 2253 animalibus
1886 2223 1987 2255 simul

96 2288 279 2320 emergere.
354 2277 507 2320 Pugnare
524 2279 660 2320 quidem
681 2281 812 2311 videtur
830 2286 901 2310 tum
916 2285 1033 2310 contra
1049 2278 1134 2310 lianc
1149 2279 1271 2322 legem,
1299 2287 1370 2311 tum
1388 2277 1517 2312 contra*
1529 2280 1548 2312 S
1561 2283 1678 2323 pixii
1708 2284 1910 2312 sententiam
1928 2293 1986 2312 nu-

95 2347 213 2382 perum
242 2336 341 2367 Hild
353 2348 369 2368 e
380 2338 399 2367 b
410 2348 426 2367 r
437 2349 485 2368 an
495 2338 515 2368 d
526 2340 576 2369 tii
605 2338 785 2372 clarissimi
809 2339 948 2371 effatum
959 2362 969 2377 ,
1005 2337 1058 2377 „h
1071 2350 1087 2370 e
1097 2351 1117 2382 p
1129 2350 1145 2370 a
1158 2349 1174 2369 r
1202 2346 1235 2370 et
1252 2351 1273 2382 p
1285 2350 1331 2371 an
1344 2352 1360 2371 c
1371 2351 1386 2371 r
1397 2351 1413 2372 e
1424 2331 1465 2373 a's
1493 2351 1568 2373 sese
1590 2343 1751 2372 continuo
1777 2343 1931 2372 comitari
1943 2351 1951 2381 ;
1962 2345 1983 2360 ‘⁶

130 2407 167 2441 7)
185 2405 215 2433 L.
234 2417 256 2434 c.
276 2407 310 2433 T.
327 2407 369 2436 HI.
388 2418 416 2444 p.
437 2414 498 2444 703.
1028 2410 1065 2445 8)
1086 2411 1116 2438 L.
1139 2419 1161 2438 c.
1181 2421 1208 2447 p.
1229 2415 1289 2445 410.
