2090 2723
1973 230 1992 264 5

102 321 138 341 sa
156 319 173 340 e
193 307 287 338 fibris
309 308 511 338 transversis
532 306 717 346 composita
734 325 743 339 ‚
770 306 805 334 in
828 310 924 345 parte
948 304 1123 345 superiore
1147 309 1178 333 et
1198 301 1361 333 inferiore
1390 303 1570 344 praecipue
1589 304 1789 346 conspicua,
1824 305 1858 334 in
1882 304 1994 335 media

101 369 238 399 omnino
255 365 450 401 deficiente,
478 365 627 405 quamvis
646 373 752 403 neque
770 361 823 393 hic
838 369 950 405 partes
967 361 1154 404 descriptae
1170 372 1262 392 nexu
1279 361 1443 393 immobili
1468 362 1659 404 jungantur.
1734 362 1850 394 Facies
1872 362 1990 393 harum

99 427 246 468 partium
272 424 415 455 inferior
439 429 598 454 excavata
622 422 818 453 seminalem
841 421 983 458 format,
1024 428 1098 452 cute
1115 443 1124 458 ,
1174 423 1261 463 parti
1287 421 1357 461 ejus
1380 420 1535 453 infcriori
1561 428 1759 464 supertensa
1782 425 1818 454 in
1841 422 1990 453 canalem

99 487 154 525 qui
176 489 325 514 mutatur
343 483 565 525 completum,
592 484 626 513 in
649 478 715 523 quo
732 492 806 519 vas,
825 483 865 512 ad
883 481 1049 512 tentacula
1066 482 1253 523 pertinens,
1279 490 1342 524 per
1358 486 1464 512 totam
1481 482 1566 512 radii
1582 480 1702 516 faciem
1719 481 1918 513 inferiorem
1936 481 1991 512 dc-

99 545 215 574 currit.
270 542 364 574 Haec
380 553 457 584 pars
470 565 478 579 ‚
496 552 607 583 quam,
622 544 648 572 si
665 540 812 583 singulas
829 547 941 583 partes
960 546 1168 572 transversas
1197 546 1317 572 verte
1329 541 1402 572 bra
1414 551 1429 570 r
1441 551 1502 570 um
1530 533 1665 572 nomine
1695 543 1775 573 satis
1793 542 1991 572 convenien-

98 608 149 632 ter
162 603 380 643 insignimus,
409 612 531 643 corpus
553 601 726 639 vertebrae
749 611 943 643 nuncupare
969 593 1167 642 possumus,
1195 601 1451 642 cognominibus
1477 600 1626 636 duabus,
1655 607 1731 632 ante
1758 607 1797 633 et*
1812 606 1888 643 post
1917 610 1989 630 eam

96 663 236 703 positis,
272 661 403 692 ducbus
420 663 454 691 in
476 660 557 691 locis
577 671 666 691 nexu
690 660 805 690 mobili
832 661 1039 691 substantiae
1064 659 1306 702 ligamentosae
1329 665 1434 692 strato
1460 659 1554 691 brevi
1577 662 1708 697 unitur,
1757 663 1796 701 ι)
1820 662 1852 691 in
1880 659 1990 690 media

97 722 167 761 ejus
184 725 278 761 parte
299 731 342 750 ex
358 720 501 750 duorum
519 719 737 750 dimidiorum
758 718 946 750 lateralium
962 721 1088 750 unione
1106 718 1211 757 facta,
1239 721 1277 760 2)
1294 720 1334 750 ad
1349 719 1455 751 latera
1467 742 1475 756 ‚
1503 730 1565 762 ope
1582 722 1781 750 eminentiae
1803 725 1835 750 et
1852 728 1991 762 excava-⁴

95 781 208 810 tionis.
263 778 411 821 Spatium
430 781 519 809 inter
537 778 639 810 facies
656 773 755 810 h‘asee
771 778 852 809 duas
867 777 1021 810 laterales
1038 777 1339 821 comprehensum,
1355 779 1447 811 laeve
1467 784 1499 809 et
1515 785 1712 813 excavatum
1724 801 1733 815 ,
1762 781 1789 809 si
1814 777 1988 809 vertebras

95 839 178 869 duas
196 840 305 869 unitas
325 841 548 880 spectavcris,
585 838 738 869 foramen
762 836 886 874 refert,
909 837 1199 870 intervertebralis
1220 841 1356 869 nomine
1380 838 1640 881 insigniendum.
1706 826 1815 868 'faciei
1836 837 1988 878 corporis

93 897 270 929 vertebrae
285 896 456 928 infcrioris
476 908 553 939 pars
573 903 724 934 externa,
753 903 870 928 exacte
890 899 1000 939 spatio
1016 895 1114 928 faciei
1130 897 1277 929 lateralis
1295 898 1396 928 modo
1425 896 1613 939 descriptae
1639 897 1867 939 respondens,
1909 895 1987 924 insi-

93 956 149 987 det
167 958 255 998 parti
281 956 562 998 quadrangulari,
590 957 707 1000 planae
720 981 728 994 ‚
762 968 895 988 sursum
916 967 1105 994 convexae,
1134 957 1292 988 deorsum
1312 956 1464 988 nonnihil
1491 963 1689 994 excavatae,
1732 956 1848 987 itidem
1868 963 1988 995 eogno—

91 1013 240 1047 minibus
273 1025 388 1057 presse
420 1025 494 1045 eam
524 1007 740 1058 sequentibus
769 1015 853 1047 facie
885 1018 1053 1047 anteriore
1084 1022 1115 1046 et
1140 1019 1329 1059 posteriore
1346 1040 1355 1053 ,
1400 1022 1575 1059 praeterea
1606 1026 1787 1058 corporum
1820 1013 1987 1046 vertebra-

93 1085 169 1106 rum
187 1076 275 1117 parti
294 1073 424 1104 laterali
440 1077 563 1106 unitae.
617 1073 651 1106 A
665 1075 770 1107 latere
788 1075 906 1106 harum
933 1078 1079 1117 partium
1106 1075 1190 1106 duae
1215 1075 1298 1106 aliae
1326 1082 1433 1113 stant,
1469 1075 1611 1108 inferior
1638 1081 1669 1105 et
1691 1076 1866 1121 superior,
1901 1077 1987 1102 utra-

92 1144 157 1175 que
181 1139 375 1174 estr0r5um
400 1144 571 1171 convexa,
613 1136 797 1165 introrsum
819 1145 976 1171 concava,
1018 1136 1065 1165 ita
1083 1135 1244 1177 disposita
1262 1141 1298 1166 ut
1323 1135 1473 1177 singulae
1498 1135 1628 1165 duobus
1652 1134 1790 1176 paribus
1814 1132 1986 1170 hucusque

91 1194 296 1224 enumeratis
321 1192 566 1234 respondeant,
595 1204 755 1224 numerus
774 1204 889 1224 earum
905 1195 1009 1235 igitur
1035 1194 1136 1236 duplo
1162 1196 1272 1225 minor
1296 1197 1348 1225 sit.
1402 1193 1535 1225 Harum
1557 1195 1705 1235 partium
1731 1192 1893 1227 inferior,
1920 1199 1986 1218 ma-

90 1253 143 1295 jor
162 1253 278 1282 unitur
301 1252 334 1291 1)
348 1253 433 1293 parti
451 1253 598 1283 secundo
614 1252 689 1284 loco
707 1259 931 1298 memoratae,
958 1254 1217 1296 quadrangulari
1232 1277 1240 1290 ,
1269 1255 1305 1293 2)
1325 1255 1473 1296 primae,
1504 1263 1529 1284 s.
1549 1254 1696 1294 corpori,
1720 1262 1782 1293 ope
1802 1252 1907 1293 partis
1925 1248 1986 1278 cal<

91 1321 208 1342 careae
224 1311 354 1343 brevis,
382 1321 425 1341 cx
445 1311 514 1351 ejus
531 1318 687 1343 extremo
702 1311 830 1343 laterali
847 1311 888 1342 ad
910 1323 982 1342 eam
1006 1313 1174 1343 tendentis
1187 1337 1195 1349 ,
1234 1315 1276 1358 3)
1304 1314 1490 1355 superiori,
1528 1310 1613 1342 facie
1638 1313 1824 1353 superiore.
1904 1307 1985 1339 Pars

91 1370 214 1406 altera,
243 1371 419 1410 superior,
452 1380 466 1402 Ι
481 1371 588 1409 >cum
606 1371 770 1402 inferiore
788 1371 891 1402 modo
907 1372 972 1411 jam
997 1372 1168 1414 descripto
1181 1396 1189 1409 ‚
1218 1374 1261 1412 2)
1285 1383 1362 1402 cum
1386 1362 1529 1413 corpore
1553 1381 1615 1413 ope
1634 1372 1739 1412 partis
1755 1369 1843 1400 illius
1864 1368 1986 1403 brevis,

91 1435 209 1461 exacte
227 1428 302 1459 loco
319 1431 450 1459 unionis
469 1432 653 1471 superioris
673 1436 705 1460 et
723 1429 895 1461 inferioris
912 1432 1070 1461 insertae.
1117 1431 1306 1462 vertebrae
1332 1426 1436 1472 igitur
1463 1429 1613 1472 singulae
1636 1440 1679 1459 ex
1696 1429 1813 1459 decem
1831 1426 1984 1468 partibus

89 1486 295 1524 conflantur,
339 1487 454 1518 mobili
477 1499 568 1518 nexu
591 1494 623 1517 ct
646 1488 783 1528 quidem
807 1486 1007 1517 iiiusculosis
1026 1486 1225 1518 fibris‘inter
1244 1484 1278 1519 se
1298 1495 1422 1519 etcum
1440 1489 1602 1520 vertebris
1624 1490 1741 1520 vicinis
1758 1488 1879 1528 junctis
1897 1485 1985 1514 idco-

89 1559 153 1590 que
172 1547 211 1578 ad
228 1545 461 1588 producendas
480 1546 628 1575 diversas
651 1545 884 1575 contorsiones
896 1567 905 1579 ,
930 1555 1011 1584 quas
1029 1547 1063 1575 in
1080 1546 1315 1577 nonnullarum
1339 1550 1541 1588 praesertim
1568 1545 1675 1577 Aste
1687 1547 1753 1575 ria
1767 1555 1875 1580 rum,
1918 1553 1984 1573 ina-

87 1608 153 1650 jori
169 1594 402 1636 {vertebrarum
420 1614 560 1634 numero
576 1605 837 1639 instructarum,
865 1604 966 1633 ramis
993 1604 1125 1643 saepius
1150 1602 1385 1637 observamus,
1423 1600 1515 1632 valde
1534 1602 1675 1633 idoneis.
1751 1602 1884 1632 Harum
1910 1612 1983 1644 par—

87 1668 173 1696 tium
188 1663 385 1705 magnitudo
402 1665 525 1694 sensim
546 1663 585 1693 ab
604 1668 758 1692 extremo
775 1661 947 1692 radiorum
971 1666 1114 1691 externo
1133 1661 1173 1691 ad
1190 1663 1361 1692 internum
1378 1671 1482 1702 usque
1502 1667 1667 1703 augemus
1692 1660 1731 1691 In
1750 1663 1888 1697 intimis,
1909 1672 1985 1691 cen-

74 1722 143 1756 'tro
169 1724 356 1766 proximis,
398 1728 510 1764 partes
528 1721 682 1752 laterales
703 1722 828 1752 sensim
848 1726 1071 1756 evanescunt,
1113 1725 1144 1749 et
1165 1730 1308 1761 corpora
1324 1720 1536 1751 diversorum
1560 1721 1734 1751 radiorum
1760 1723 1922 1752 exn-emis
1939 1720 1981 1751 la-

87 1783 249 1814 teralibus
266 1783 410 1812 invicem
426 1782 598 1812 uniuntur.
659 1780 781 1810 Infima
808 1779 945 1820 reliquis
967 1779 1067 1820 longe
1089 1781 1237 1809 maxima
1265 1785 1315 1819 et,
1359 1786 1394 1810 ut
1420 1780 1554 1811 videtur
1578 1791 1622 1810 ex
1638 1780 1785 1810 duorum
1801 1790 1982 1822 corporum

89 1839 247 1874 confluxu
265 1846 362 1877 nuta,
391 1840 431 1871 ad
447 1840 553 1871 latera
569 1841 604 1870 in
619 1849 732 1870 ramos
751 1838 836 1870 duos
853 1838 1067 1870 divaricatur.
1121 1836 1248 1879 Singuli
1266 1836 1349 1869 rami
1361 1861 1369 1876 ,
1397 1837 1461 1869 hoc
1479 1838 1579 1870 modo
1595 1841 1659 1869 orti
1681 1850 1756 1869 cum
1777 1841 1982 1881 cognomini-

86 1901 149 1932 bus
165 1899 398 1932 vertebrarum
417 1902 652 1941 proximarmn
667 1900 840 1929 uniuntur.
892 1896 932 1928 In
947 1896 1132 1933 foramine,
1168 1896 1232 1928 hoc
1257 1897 1357 1929 modo
1377 1904 1492 1934 enato,
1509 1910 1575 1929 non
1594 1905 1706 1929 tamen
1722 1897 1886 1939 simplici,
1922 1897 1981 1928 sed

88 1962 181 1991 tenui
197 1959 320 1991 lamina
338 1961 371 1988 in
389 1960 454 1989 duo
471 1958 598 1995 diviso,
626 1957 724 1989 solito
740 1957 842 1988 niodo
858 1959 1050 1987 continetur
1068 1957 1273 1987 tentaculum
1292 1959 1457 1988 intimum.
1510 1957 1686 1988 Reunionc
1712 1967 1884 1988 ramorum
1911 1967 1981 1988 ver-

88 2020 261 2050 tebrarum
278 2020 465 2060 primarum
484 2013 701 2059 internorum¹
714 2015 859 2047 circulus
878 2013 1045 2046 formatur
1065 2025 1193 2053 osseus,
1220 2023 1349 2059 partem
1370 2016 1551 2049 ventriculi
1567 2015 1764 2047 inferiorem
1782 2018 1928 2058 cingens.

192 2076 245 2108 Sic
263 2077 383 2108 eodem
398 2075 469 2108 fere
486 2077 586 2108 modo
605 2087 643 2107 ac
662 2078 696 2106 in
713 2067 906 2106 animalium
933 2074 1093 2107 altiorum
1111 2076 1309 2119 corporibus
1336 2076 1449 2108 videre
1468 2082 1538 2113 est,
1565 2078 1598 2107 in
1626 2074 1682 2108 As
1695 2082 1730 2106 te
1742 2077 1819 2110 riis
1847 2086 1979 2116 quoque

40 2160 45 2161 γ
87 2137 264 2171 vertebrae
283 2141 314 2166 et
335 2138 447 2185 cranii
461 2147 536 2167 ossa
555 2136 594 2168 ad
611 2135 753 2166 eundem
771 2133 977 2177 effinguntur
993 2141 1122 2180 typum.
1174 2134 1318 2166 Minime
1338 2137 1426 2166 enim
1443 2136 1655 2172 dubitamus,
1671 2167 1673 2169 ,
1692 2134 1854 2166 circulum
1868 2136 1980 2166 ,inter-

86 2207 168 2233 num
184 2195 277 2226 illum
297 2206 430 2226 osseum
444 2219 452 2233 ‚
480 2207 502 2226 n
521 2201 639 2227 centro
655 2197 819 2239 positum,
838 2196 955 2226 cranio
977 2194 1133 2228 altiorum
1152 2195 1343 2226 animalium
1359 2205 1430 2225 csse
1451 2195 1755 2237 aequiparandum,
1783 2204 1859 2223 cuni
1878 2193 1977 2224 simili

84 2255 189 2286 modo
206 2266 248 2293 ex
266 2254 414 2296 plurium
434 2257 580 2293 ossium,
602 2255 835 2287 vertebrarum
853 2253 1031 2293 similium,
1060 2261 1092 2287 et
1107 2265 1198 2286 nexu
1220 2254 1385 2286 immobili
1403 2256 1492 2284 inter
1518 2264 1553 2293 se
1576 2255 1786 2297 junctarum,
1820 2251 1979 2284 confluxu

86 2306 253 2346 nascatur.
861 2347 890 2350 .-

187 2372 356 2415 Respectu
378 2384 583 2417 organorum
599 2377 825 2407 motoriorum
858 2377 1044 2407 activorum
1071 2372 1276 2406 Asterias
1304 2379 1336 2404 et
1361 2371 1560 2415 Ophiusa
1587 2371 1868 2414 quamplurimum
1889 2373 1976 2401 inter

35 2449 41 2452 -
87 2441 123 2463 se
140 2429 314 2469 differunt,
342 2435 626 2474 quemadmodum
645 2435 712 2476 jam
732 2445 833 2478 supra
857 2436 1090 2472 indicavimus,
1119 2432 1358 2465 tentaculis
1387 2431 1460 2462 illas
1483 2433 1625 2468 instrui,
1657 2431 1777 2472 quibus
1803 2429 1861 2460 bae
1878 2432 1977 2460 desti-

85 2497 242 2527 tuantur,
276 2492 455 2523 innuendo.
510 2492 650 2537 Organa
665 2496 770 2537 igitur
786 2496 932 2527 motoria
950 2496 1056 2526 activa
1075 2495 1110 2525 in
1134 2492 1224 2526 hisce
1250 2492 1291 2524 ad
1316 2491 1415 2522 fibras
1440 2490 1667 2527 reducuntur,
1707 2488 1847 2532 singulis
1875 2494 1977 2519 verte-

37 2520 46 2539 e

43 2571 50 2578 Ι
79 2548 223 2580 {irarum
244 2551 396 2592 partibus
410 2553 622 2586 intertcnsas.
