2090 2723
123 109 169 133 10

121 183 283 214 seriorem
299 179 458 210 *tendente
470 200 477 214 ‚
504 175 559 207 liic
576 175 718 216 duplici,
746 186 822 205 cum
840 177 928 205 inter
947 175 1093 216 reliquos
1112 175 1225 207 radios
1241 177 1375 206 nonnisi
1393 175 1536 217 simplex
1555 179 1606 206 sit.
1667 175 1800 206 Castalis
1820 178 1866 206 sic
1890 178 2009 208 consti-

123 244 248 276 tuitur,
276 250 292 269 a
310 238 394 269 facie
415 239 589 278 superiore
610 244 725 265 versus
751 233 950 264 inferiorem
974 235 1166 266 decurrens.
1244 234 1311 265 Hic
1337 240 1448 265 autem
1476 245 1602 275 neque,
1648 228 1685 265 ut
1711 235 1898 265 Roscius
1927 235 2009 266 velle
2025 229 2053 254 '-

123 300 278 335 videtur,
315 308 389 328 cum
424 305 522 326 sacco
558 293 739 323 intestinali
783 295 1025 329 communicat,
1062 293 1345 333 quemadmodum
1379 298 1471 324 recte
1507 294 1572 332 jam
1606 293 1647 323 Fi
1660 292 1757 324 sche
1770 304 1860 330 rus,
1893 293 2012 324 tubam

124 369 192 389 non
228 357 269 388 ad
303 355 415 397 gulam
451 355 580 384 exitum
617 351 759 389 habere,
799 353 948 388 monuit,
987 362 1094 392 neque
1129 359 1321 384 extrorsum
1354 354 1523 394 aperitur,
1564 353 1642 388 sed,
1682 352 1951 393 quemadmodum
1979 356 2018 392 eta

125 417 231 447 culter
249 414 456 446 anatomicus
473 418 504 442 et
523 414 681 443 mercurii
698 412 837 451 injectio
853 417 949 441 extra
964 422 1097 442 omnem
1117 411 1208 442 dubii
1229 412 1334 442 aleam
1348 417 1496 453 ponunt,
1522 413 1558 441 in
1582 411 1732 441 canalem
1753 411 1921 453 quendam
1949 413 2013 442 cir-

125 475 293 510 cularem,
315 472 441 503 circulo
456 481 552 502 osseo
568 470 772 512 insculptum
792 469 881 506 hiat,
909 481 1008 510 quem
1027 472 1185 512 proxima
1198 473 1321 512 pagina
1339 470 1546 512 descriptum
1567 471 1727 501 invenies.

223 567 277 599 Ex
294 566 364 601 1113,
391 566 425 595 111
442 570 533 595 totus
558 563 675 600 fallor,
708 563 971 594 luculentissime
995 563 1029 594 id
1056 563 1175 595 saltem
1196 569 1306 605 patet,
1342 573 1493 606 organon
1515 562 1578 593 1100
1606 573 1713 603 neque
1743 573 1806 604 pro
1834 567 1945 598 recto,
1981 548 2014 593 et

126 624 355 660 tuberculum,
383 634 448 664 quo
466 626 501 653 in
520 622 602 653 facie
620 625 794 664 superiore
811 620 943 658 finitur,
970 633 1033 664 pro
1059 633 1141 659 ano,
1181 633 1289 662 neque
1308 633 1369 664 pro
1386 632 1470 663 pene
1489 631 1561 652 esse
1579 620 1789 657 habendum,
1807 620 1886 656 sed,
1913 622 1940 650 si
1959 618 2015 650 ah·-

125 695 187 725 qua
206 684 410 726 comparatio
427 683 556 712 institui
572 684 697 723 possit,
724 681 813 711 idem
830 683 941 722 potius
953 692 1015 723 pro
1033 681 1174 723 analogo
1198 683 1305 717 sacci,
1339 682 1515 711 materiam
1532 680 1715 711 calcaream
1736 682 1771 711 in
1787 678 1956 711 molluscis
1982 682 2016 708 et

126 745 307 774 crustaceis
323 740 577 783 quamplurimis
598 742 789 782 generantis
810 750 882 770 esse
907 739 1109 771 habendum.

226 835 265 866 In
280 835 518 876 descriptione,
545 844 645 875 quam
662 834 827 870 dedimus,
856 836 1082 870 exactissima,
1100 832 1171 864 fere
1187 833 1270 864 nihil
1287 835 1446 870 occurrit,
1476 833 1565 875 quod
1585 844 1660 864 cum
1677 832 1814 873 reliquis
1830 828 2014 881 convenia}

127 893 274 936 Spixii
303 900 413 924 autem
430 904 584 929 errores,
612 895 645 922 ni
663 895 724 923 toti
744 892 909 928 fallimur,
934 895 968 922 111
986 903 1025 923 eo
1043 904 1085 923 ex
1100 899 1196 935 parte
1215 899 1291 923 sunt
1316 892 1519 933 quaerendi,
1548 892 1636 932 quod
1657 891 1815 934 ampullas
1843 886 2018 932 quasdam,

128 955 227 988 eiiam
245 955 278 984 in
296 953 436 994 angulo,
464 963 614 994 organon
631 957 784 982 nostrum
802 954 1014 988 continente,
1042 952 1174 988 obvias,
1202 951 1261 982 sed
1279 953 1381 992 septis
1398 951 1584 982 tendinosis
1605 951 1645 980 ab
1672 961 1711 981 eo
1734 951 1913 991 separatis,
1941 958 2019 979 curn

128 1012 246 1042 eodem
269 1010 480 1048 confuderit,
507 1011 559 1042 vel
577 1013 714 1041 omnino
731 1011 816 1041 solas
834 1011 877 1041 ob
894 1010 1008 1041 oculos
1026 1009 1198 1046 habuerit,
1227 1012 1364 1040 omnino
1379 1009 1540 1051 neglectis
1560 1011 1619 1045 iis,
1651 1019 1734 1049 quae
1753 1010 1787 1038 in
1806 1008 1942 1048 reliquis
1964 1017 2018 1037 an-

127 1070 212 1112 gulis
232 1071 471 1101 reconduntur.
550 1069 644 1100 Haec
668 1075 779 1100 tamen
801 1071 986 1112 suppositio
1004 1067 1093 1099 haud
1109 1068 1232 1100 sufficit
1251 1068 1291 1099 ad
1308 1068 1542 1102 inveniendam
1560 1070 1724 1098 rationem
1750 1066 2018 1097 hallucinationis

128 1128 273 1170 Spixii
302 1130 343 1161 de
361 1132 479 1171 organi
494 1128 618 1169 hujus'
610 1140 643 1159 111
662 1128 745 1159 facie
765 1131 916 1179 corporis
935 1135 1076 1158 externa
1096 1134 1269 1169 apertura,
1305 1137 1422 1168 quam,
1438 1129 1503 1158 11131
1520 1132 1577 1157 aut
1594 1126 1702 1180 cultro
1719 1131 1775 1156 aut
1792 1131 1934 1168 ruptura
1950 1123 2019 1155 fue*
2063 1156 2067 1159 ,
2084 1145 2090 1147 -

127 1190 172 1218 rit
186 1187 292 1224 facta,
317 1199 488 1228 nunquam
503 1187 627 1218 vidisse
649 1186 716 1229 Sp
708 1198 720 1217 1
732 1198 843 1218 1(111111
870 1198 932 1230 pro
958 1193 1052 1218 certo
1068 1186 1240 1218 habemus

205 1279 279 1311 Cir
289 1280 525 1311 culationis
553 1291 598 1326 sy
609 1287 645 1312 st
657 1292 714 1312 em
727 1291 744 1311 a
769 1291 786 1311 a
802 1279 909 1312 Cuvi
920 1282 1013 1312 erio
1035 1279 1093 1319 ¹⁶)
1112 1281 1158 1310 ita
1177 1272 1391 1316 describitur,
1405 1285 1441 1311 ut
1461 1281 1620 1310 arteriam
1640 1283 1672 1309 et
1688 1287 1805 1310 venam
1822 1277 2020 1324 primariam
2053 1304 2058 1310 ,

126 1350 190 1383 pro
209 1340 449 1382 appendicibus
471 1342 603 1377 coecis,
630 1350 712 1381 quas
736 1333 932 1376 comitetur,
961 1340 1084 1375 dividi,
1119 1345 1151 1369 et
1175 1341 1335 1375 arterias,
1367 1349 1428 1381 per
1454 1345 1563 1369 totum
1584 1340 1894 1381 integumentorum
1917 1335 2020 1366 ambi-

127 1403 200 1428 tum
217 1388 433 1434 distributas,
474 1409 516 1428 ex
541 1398 656 1429 collari
677 1401 789 1435 nasci,
832 1396 1061 1439 oesophagum
1084 1397 1333 1433 circumdante,
1372 1399 1569 1438 sanguinem
1594 1407 1637 1426 ex
1656 1395 1761 1426 canali
1784 1393 1967 1429 intestinali
1983 1396 2025 1431 111,

128 1465 303 1487 saccorum
331 1467 511 1487 coecorum
533 1459 743 1488 mesenteriis
769 1457 810 1485 ad
835 1463 953 1484 venam
978 1452 1177 1494 primariam
1200 1455 1391 1494 retrogredi
1414 1461 1447 1483 et
1464 1465 1589 1496 organa
1606 1454 1825 1494 respiratoria
1839 1463 1914 1482 cum
1930 1454 2018 1483 vasis

127 1517 438 1556 integumentorum
457 1514 638 1543 cohaerere
654 1513 752 1542 dicat.
821 1511 885 1541 Sed
908 1510 1048 1540 multum
1065 1520 1222 1541 veremur
1238 1521 1280 1540 an
1296 1503 1377 1541 haec
1395 1511 1578 1552 descriptio
1595 1513 1732 1541 omnino
1749 1521 1824 1549 cum
1841 1521 1920 1553 vero
1943 1521 2019 1549 con-

129 1574 250 1603 veniat.
302 1571 341 1601 Id
356 1570 504 1611 quidem,
520 1581 593 1601 eam
608 1581 675 1600 non
693 1571 830 1600 omnino
845 1568 1000 1599 sufficere
1025 1575 1057 1599 et
1075 1568 1198 1605 multa,
1225 1571 1306 1599 satis
1325 1569 1576 1606 memorabilia,
1592 1571 1629 1601 in
1647 1569 1765 1600 eadem
1780 1571 1917 1601 omnino
1935 1569 2019 1610 desi-

130 1630 263 1667 derari,
290 1630 573 1669 uniuscujusque,
601 1630 656 1668 qui
673 1628 788 1659 sedulo
804 1630 840 1657 in
858 1628 1026 1667 objectum
1044 1629 1235 1668 inquisivit,
1261 1627 1377 1658 oculos
1401 1627 1489 1659 ferit.

233 1705 328 1750 Quae
348 1705 444 1735 nobis
460 1703 522 1734 hac
541 1704 582 1734 de
598 1714 635 1733 re
651 1703 809 1745 detegere
834 1702 946 1733 datum
970 1702 1051 1740 fuit,
1076 1701 1158 1734 haec
1181 1709 1267 1734 sunt.
1319 1703 1359 1733 In
1377 1701 1568 1735 Asteriis
1596 1705 1771 1741 omnibus,
1806 1714 1886 1745 quas
1909 1702 2037 1734 cultrov

133 1766 354 1802 subiecimus,
380 1765 414 1792 in
438 1764 589 1804 corporis
615 1762 726 1798 disco,
753 1764 787 1792 in
811 1762 951 1804 singulis
975 1761 1122 1804 angulis,
1151 1773 1195 1792 ex
1220 1762 1394 1792 radiorum
1410 1765 1572 1794 reunione
1588 1761 1761 1799 formatis,
1781 1763 1944 1801 vesiculae
1962 1773 2018 1805 po-

131 1830 258 1854 nuntur
285 1823 468 1863 oblongae,
501 1823 536 1850 111
561 1820 699 1856 ductus,
734 1831 876 1861 quorum
899 1820 1074 1862 longitudo
1091 1821 1273 1852 secundum
1289 1823 1417 1863 species
1434 1820 1569 1857 differt,
1594 1822 1765 1852 abeuntes.
1842 1820 2019 1852 Structura

132 1881 254 1912 harum
269 1880 512 1916 xesicularum,
538 1881 565 1909 31
581 1881 615 1909 111
633 1885 720 1909 statu
738 1886 909 1910 contracto
933 1880 983 1911 vel
1008 1878 1156 1921 collapso
1180 1880 1314 1910 easdem
1337 1879 1434 1911 oculo
1458 1880 1642 1923 objeceris,
1669 1879 1857 1922 hombgena
1873 1881 2017 1932 videtur,

135 1941 254 1982 quodsi
272 1946 382 1970 autem
399 1949 453 1969 eas
471 1940 639 1968 mercurio
655 1937 796 1968 multum
817 1938 948 1969 disten'
941 1941 1035 1975 10113,
1062 1941 1097 1968 111
1122 1944 1153 1968 tr
1157 1948 1209 1974 03,
1237 1939 1422 1969 secundum
1436 1938 1683 1987 longitudinem
1704 1939 1922 1970 decurrentes
1939 1928 2018 1969 diri-

135 2005 273 2030 muntur
289 2000 387 2030 strias
405 2000 606 2034 crassiores,
630 1999 820 2027 interstitiis
837 1998 978 2028 totidem
996 1988 1261 2034 membranaceis
1287 1999 1430 2028 invicem
1454 1993 1597 2037 junctis·
1663 1997 1741 2028 Hoc
1763 1997 2018 2039 phaenomenon

136 2070 212 2090 cum
229 2067 362 2099 semper
376 2056 487 2087 locum
502 2056 641 2093 habeat,
685 2055 833 2087 sacculos
861 2055 920 2087 lios
946 2067 988 2086 ex
1014 2057 1210 2087 membrana
1230 2058 1342 2094 tenui,
1370 2059 1538 2086 communi
1557 2062 1589 2086 et
1605 2058 1696 2087 striis
1714 2049 1936 2088 crassioribus
1952 2057 2018 2097 ipsi
2054 2050 2056 2052 ¹

137 2117 404 2159 superimpositis
426 2117 579 2156 componi
604 2121 770 2157 putamus.
848 2114 1050 2156 Magnitudo
1077 2122 1108 2146 et
1135 2126 1292 2146 numerus
1315 2114 1434 2145 harum
1461 2115 1683 2146 vesicularum
1702 2126 1769 2146 11011
1792 2117 1827 2145 111
1843 2115 2017 2157 speciebus

138 2182 297 2210 tantum,
316 2174 424 2204 sedin
443 2174 582 2204 diversis
604 2185 735 2214 quoque
754 2174 902 2213 ejusdem
921 2177 1043 2215 speciei
1063 2174 1243 2205 individuis
1261 2176 1375 2205 variat.
1430 2173 1550 2217 Quoad
1572 2174 1836 2215 magnitudinem
1851 2177 2018 2203 summum

141 2234 320 2264 discrimen
343 2231 453 2262 locum
477 2230 576 2262 habet
602 2235 780 2275 praecipue
803 2235 891 2263 inter
926 2232 969 2263 A.
1004 2226 1270 2263 arantiacam
1299 2238 1331 2262 et
1358 2231 1605 2272 glacialem,
1626 2243 1702 2263 cum
1719 2235 1753 2263 in
1771 2231 1831 2262 hac
1849 2233 2017 2267 minimae,

140 2294 196 2324 ini
214 2316 217 2320 .
257 2294 423 2322 maximae
442 2294 516 2322 sint.
545 2292 582 2321 In
599 2290 644 2326 A,-
661 2304 682 2322 11
694 2293 754 2323 inb
767 2292 813 2321 ili
825 2298 919 2322 cata
945 2294 979 2321 in
995 2291 1134 2333 singulis
1145 2290 1273 2333 angulis
1292 2292 1424 2321 nonnisi
1441 2302 1540 2321 unam
1558 2292 1805 2322 observavimus
1822 2283 2017 2330 vesiculam;

143 2357 256 2382 contra
272 2352 306 2380 in
334 2350 377 2380 A.
406 2361 474 2381 ara
485 2362 505 2380 n
518 2352 578 2381 tia
589 2362 604 2381 c
615 2362 632 2382 a
659 2361 790 2394 semper
806 2352 919 2394 plures
936 2350 1151 2383 offendimus.
1204 2348 1321 2392 Neque
1337 2351 1374 2381 in
1389 2349 1528 2393 singulis
1547 2350 1675 2392 angulis
1697 2350 1788 2382 idem
1802 2350 2017 2383 numerusin

177 2421 229 2457 16)
247 2421 278 2448 L.
297 2429 321 2449 c.
341 2421 377 2448 T.
396 2421 443 2448 lV.
467 2431 496 2457 p.
513 2426 573 2454 256.
