2090 2723
1981 108 2022 144 15

136 198 232 222 enm,
258 185 662 226 quemadmodum*supra
681 185 883 227 monuiunis,
913 188 1027 225 partes
1044 183 1127 214 alias
1143 194 1220 214 cum
1237 188 1417 227 systemate
1442 191 1584 214 nervoso
1607 181 1808 213 confudisse.
1863 182 2024 227 Quamvis

136 247 223 276 enim
242 243 405 274 foramina
421 244 500 274 hauc.
518 246 549 273 in
572 242 736 273 nonnullis
755 243 929 284 speciebus
942 266 961 288 ,v
979 250 1058 285 puta
1078 242 1120 274 A.
1149 242 1348 285 glaciali,
1372 253 1437 272 um
1450 241 1660 277 biricata,
1689 253 1754 272 uon
1783 248 1893 273 autem
1921 245 1954 272 in
1978 241 2022 273 A.

135 313 234 335 aran
249 306 357 334 tiaca
393 303 605 337 viderimus,‘
645 312 814 342 nunquam
844 308 956 332 tamen
979 301 1079 333 ullam
1104 313 1221 333 eorum
1248 301 1288 331 ad
1314 307 1461 345 systema
1485 311 1666 332 nervosum
1696 299 1828 331 efficere
1850 303 2021 343 potuimus

134 361 339 392 relationem.
419 360 546 391 Contra
573 370 708 401 semper
731 360 994 391 luculentissime
1014 362 1107 391 nobis
1128 362 1303 402 apparuit,
1348 358 1512 390 foramina
1538 358 1618 390 haec
1638 359 1680 390 ad
1703 365 1849 404 systema
1866 361 2020 401 superius

132 423 356 455 recensitum,
391 430 457 460 quo
474 417 610 449 fluidum
626 421 660 448 in
679 418 844 449 tentacula
868 418 1070 461 impellitur,
1105 421 1289 461 pertinere.
1354 417 1493 461 Semper
1520 421 1609 448 enim
1636 418 1774 459 singulis
1800 417 2020 448 foraminibus

132 477 184 509 his
204 481 528 521 superimponuntur
544 477 726 520 aiiiplillae,
759 483 790 508 et
810 477 949 515 ductus,
977 489 1019 509 ex
1043 478 1163 509 iisdem
1187 479 1319 515 abiens,
1347 477 1506 508 foramini
1536 477 1612 509 huic
1636 479 1840 508 immittitur.
1918 474 2022 506 Cana-

131 537 171 568 }is
188 537 378 573 circularis,
406 539 441 567 in
457 548 555 577 quem
574 537 692 568 ductus
709 536 828 567 harum
845 536 1067 578 ampullarum
1095 538 1235 574 abeunt,
1272 539 1307 567 in
1326 535 1418 567 hisce
1436 536 1611 578 speciebus
1632 547 1698 567 non
1715 538 1750 566 in
1768 535 1853 566 facie
1871 536 2022 576 superio-

132 607 186 633 re,
213 596 271 626 sed
287 595 449 626 inferiore
466 595 580 625 circuli
601 598 687 626 ossei
706 585 851 637 ponitur.
895 595 990 626 Hanc
1009 597 1052 626 ob
1071 607 1222 627 caussam
1241 595 1387 626 circulus
1404 598 1438 625 in
1458 594 1548 625 hisce
1565 593 1786 625 foraminibus
1803 594 1904 624 modo
1922 593 2020 624 dictis

128 654 336 698 perforatur,
363 665 438 684 cum
455 654 574 685 ductus
595 657 775 685 excretorii
793 655 1015 697 ampullarum
1026 655 1182 692 eundem,
1198 661 1235 685 ut
1251 655 1292 685 ad
1311 654 1474 684 circulum
1495 653 1699 684 vascularem
1716 654 1907 694 peveniant‚
1923 662 2021 693 penc-

109 719 219 744 *trare
235 714 388 744 debeant.
441 712 523 749 Fila,
549 713 590 743 ad
608 723 643 744 os
654 713 836 749 tendentia,
864 724 1033 754 nunquam
1050 714 1111 755 per
1130 713 1210 745 haec
1228 713 1406 750 foramina,
1424 713 1483 744 sed
1502 722 1636 756 semper
1653 714 1743 742 inter
1755 711 1833 741 bina
1850 709 2021 742 foramina

127 771 229 815 longe
243 771 365 803 faciem
379 771 496 802 circuli
516 774 583 803 ossi
601 774 768 802 internam
792 773 1007 804 decurrentia
1032 773 1186 805 vidimus.

230 830 346 871 Neque
365 830 453 860 aliud
467 830 508 860 de
525 841 632 867 ramo,
649 841 747 871 quem
767 830 884 861 'ultimo
901 831 976 862 loco
992 831 1170 874 descripsit
1194 831 1346 875 Spixiu
1358 841 1384 869 s,
1412 832 1575 874 judicium
1590 830 1680 862 ferre
1702 839 1891 873 possumus.
1955 827 2020 858 Vir

128 880 333 921 clarissimus
359 900 425 920 non
452 895 570 919 exacte
591 888 689 929 liujus
715 888 760 919 fili
784 889 1122 921 decursumindicat:
1149 891 1284 938 ridetur
1300 897 1412 921 tamen
1436 891 1547 921 denuo
1564 896 1620 921 aut
1638 896 1750 932 partes
1778 889 2019 929 heterogeneas

125 950 302 979 miscuisse
324 952 380 978 aut
399 958 442 978 ex
462 947 635 990 phantasia
650 948 880 990 descripsisse.
933 949 1040 979 Filum
1058 951 1147 979 enim
1165 951 1235 990 ejus
1255 950 1420 987 ultimum,
1442 952 1469 981 si
1490 961 1566 980 cum
1587 951 1689 979 tertio
1707 954 1823 979 nostro
1840 946 2020 977 convenire

125 1006 303 1049 fingimus,
335 1008 445 1037 minus
471 1012 581 1043 recte,
616 1007 706 1037 idem
741 1018 803 1048 per
836 1013 944 1038 totum
970 1009 1102 1038 radium
1137 1009 1319 1039 decurrere
1356 1015 1388 1039 et
1427 1008 1566 1050 singulis
1599 1006 1776 1045 tentapulis
1812 1014 1925 1035 ramos
1959 1005 2020 1033 im-

124 1067 244 1108 pertiri
260 1065 350 1095 dicit.
404 1065 467 1096 Sed
484 1068 593 1108 potius
608 1068 719 1107 primo
734 1067 834 1097 modo
853 1077 871 1097 a
888 1077 968 1109 vero
985 1067 1158 1098 aberrasse
1182 1068 1324 1098 videtur.
1388 1067 1475 1098 Cum
1502 1069 1610 1103 enim,
1645 1065 1736 1097 filum
1763 1064 1828 1095 hoe
1851 1065 1941 1093 inter
1956 1060 2019 1092 sul-

124 1135 202 1155 cum
216 1123 413 1155 inferiorem
431 1130 463 1155 et
480 1124 726 1155 tentaculorum
743 1128 847 1156 series
867 1126 1049 1156 decurrere
1067 1123 1175 1162 dican
1202 1125 1318 1157 forsan
1335 1136 1412 1163 vas,
1441 1138 1484 1157 ex
1512 1115 1618 1158 canali
1635 1125 1691 1156 illo
1709 1123 1867 1155 circulari
1895 1126 2018 1156 ortum,

122 1193 187 1226 pro
201 1194 305 1214 nervo
324 1182 448 1214 habuit.
526 1182 583 1214 Ab
601 1182 664 1214 hoc
681 1186 769 1215 enim
785 1195 901 1216 revera
920 1184 1050 1227 singula
1066 1185 1233 1215 tentacula
1253 1185 1394 1227 singulis
1417 1188 1518 1220 ramis
1537 1172 1760 1216 instruuntur.

225 1241 309 1272 Utut
327 1240 409 1272 haec
425 1244 509 1278 sint,
536 1253 597 1273 nos
615 1245 828 1274 exactissime
845 1246 979 1274 nonnisi
998 1254 1036 1274 ea
1052 1254 1135 1284 quac
1156 1245 1317 1281 vidimus,
1346 1244 1540 1275 exhibuisse
1568 1251 1809 1275 asseveramus.

223 1299 323 1332 ΒΓΑ.
353 1303 581 1331 arantiaea
608 1300 669 1332 hae
689 1308 800 1344 partes
816 1302 915 1344 longe
935 1304 1035 1333 etiam
1050 1305 1161 1333 minus
1180 1314 1216 1334 ac
1232 1305 1266 1334 in
1282 1301 1326 1334 A.
1347 1303 1531 1345 glaciali
1558 1313 1622 1344 pro
1649 1303 1761 1332 nervis
1780 1299 1897 1330 haberi
1912 1306 2012 1340 posse

121 1359 287 1392 videntur.
321 1358 387 1389 Hic
404 1362 494 1390 enim
509 1365 625 1390 contra
640 1362 694 1396 id,
721 1355 811 1401 quod
827 1364 861 1391 in
879 1362 1076 1393 animalibus
1095 1364 1263 1399 omnibus,
1287 1365 1468 1405 praecipue
1484 1368 1595 1393 autem
1610 1360 1850 1407 inferioribus,
1868 1357 2017 1388 solemne

123 1425 192 1454 est,
219 1417 335 1448 habitu
351 1418 497 1459 gaudent
512 1420 650 1448 omnino
666 1420 847 1451 tendinoso
865 1426 897 1451 et
915 1420 1024 1451 forma
1039 1421 1261 1463 ligamentosa
1280 1428 1312 1452 et
1327 1421 1537 1452 manifestius
1562 1419 1814 1451 confunduntur
1837 1427 1914 1447 cum
1942 1415 2014 1445 aliis

66 1517 73 1519 ⁴
118 1475 290 1520 panibus,
305 1487 389 1516 quae
406 1479 538 1507 nonnisi
557 1475 740 1504 retinacula
759 1473 916 1503 tendinea
935 1483 1008 1503 esse
1025 1474 1180 1506 videntur
1198 1482 1239 1510 ad
1256 1482 1533 1512 constrictionem
1549 1477 1747 1512 ventriculi,
1772 1486 1815 1505 ne
1831 1476 2013 1505 voracitate

118 1538 223 1567 nimia
240 1533 394 1564 animalis
409 1532 630 1574 stupidissimi
648 1532 748 1561 nimis
764 1529 917 1568 infletur,
945 1530 1061 1562 forsan
1083 1534 1311 1563 inservientia.
1633 1531 1647 1545 ‘

220 1592 358 1623 Praeter
374 1590 432 1621 has
448 1596 559 1633 partes
581 1601 661 1620 num
679 1590 742 1620 alia
760 1590 869 1620 adsint
889 1601 1033 1632 organa,
1056 1601 1119 1633 pro
1136 1590 1375 1633 appendicibus
1395 1594 1588 1637 systematis
1605 1595 1738 1624 nervosi
1757 1592 1924 1629 habenda,
1942 1602 2013 1622 sen-

118 1663 216 1686 suum
234 1653 338 1694 igitur
355 1660 493 1692 organa,
509 1655 602 1679 certo
619 1648 760 1679 definire
777 1660 844 1680 non
863 1650 1034 1681 audemus.
1085 1649 1181 1681 Fisc
1192 1649 1213 1681 l]
1224 1662 1240 1681 e
1251 1653 1287 1681 ri
1306 1657 1418 1682 tamen
1435 1654 1614 1689 sententia,
1630 1662 1714 1693 quae
1732 1651 1913 1686 tentacula,
1927 1660 2012 1691 qnae

120 1713 275 1754 superius
296 1710 430 1740 nonnisi
447 1714 484 1738 ut
497 1714 606 1739 motus
626 1718 753 1750 organa
768 1709 1020 1751 descripsimus,
1037 1719 1105 1740 non
1124 1708 1186 1741 hoc
1201 1701 1332 1741 tantum
1350 1721 1489 1741 munere
1506 1709 1613 1753 fungi,
1628 1711 1687 1742 sed
1703 1711 1809 1741 multo
1827 1711 1932 1752 magis
1950 1718 2012 1750 pro

119 1776 226 1802 tactus
246 1775 277 1800 et
293 1768 408 1799 forsan
424 1773 540 1809 gustus
550 1769 692 1808 ‘organis
710 1766 863 1798 habenda
880 1770 952 1799 esse
970 1767 1057 1805 fert,
1093 1780 1237 1810 quorum
1262 1781 1325 1812 ope
1349 1771 1555 1801 substantiae
1579 1770 1805 1801 comestibiles
1828 1770 1953 1799 sensim
1971 1767 2012 1798 ad

117 1840 154 1860 os
170 1833 451 1870 promoveantur,
478 1837 545 1856 non
563 1828 701 1856 omnino
719 1837 736 1856 a
753 1837 832 1858 vero
853 1827 959 1858 aliena
975 1828 1115 1859 videtur.
1167 1828 1346 1860 Praeterea
1372 1828 1434 1860 alia
1459 1840 1591 1870 quoque
1613 1831 1648 1859 in
1664 1831 1731 1860 oris
1759 1830 1922 1863 circuitu,
1950 1825 2012 1857 sed

115 1898 203 1931 pone
220 1888 307 1918 sacci
328 1885 526 1916 intestinalis
544 1886 773 1915 membranam
797 1892 829 1916 et
854 1886 979 1917 circulo
1000 1897 1097 1918 osseo
1113 1886 1213 1918 affixa
1238 1890 1273 1918 in
1288 1889 1443 1919 omnibus
1461 1890 1584 1919 nostris
1599 1887 1773 1930 speciebus
1796 1887 1939 1918 vidimus
1956 1884 2010 1915 de-

118 1957 190 1976 cem
206 1955 333 1987 organa
352 1946 496 1980 minuta,
524 1943 729 1981 rubicunda,
756 1945 885 1982 mollia,
914 1946 1118 1983 dendritica„
1146 1957 1290 1988 quorum
1308 1947 1438 1989 singula
1461 1949 1556 1990 paria
1582 1947 1721 1989 singulis
1745 1946 1847 1976 radiis
1873 1955 2009 1986 respon·

116 2004 206 2036 dent.
260 2003 354 2033 Haec
376 2004 527 2043 quamvis
551 2014 617 2033 non
641 2004 834 2035 immediate
858 2005 1056 2048 corporibus
1083 2009 1233 2038 externis
1257 2008 1477 2047 objiciantur,
1511 2012 1622 2037 tamen
1646 2012 1784 2048 propter
1803 2007 1935 2035 tunicae
1960 2006 2008 2044 in-

115 2062 280 2093 testinalis
296 2064 494 2092 tenuitatem
512 2068 610 2102 atque
629 2062 803 2094 mollitiem
821 2066 892 2094 sine
910 2064 1013 2095 dubio
1034 2076 1098 2106 pro
1112 2071 1219 2096 tactus
1238 2072 1282 2096 et1
1294 2065 1410 2097 forsan
1433 2071 1549 2107 gustus
1580 2071 1677 2106 atque
1704 2064 1844 2095 olfactus
1871 2065 2006 2105 organis

113 2118 232 2151 haberi
250 2126 420 2162 poterunt,
440 2123 638 2163 praesertim
655 2132 731 2152 cum
746 2124 781 2152 in
798 2121 961 2153 Holoth
972 2125 1037 2154 uri
1048 2126 1057 2153 i
1068 2133 1082 2154 s
1106 2124 1228 2154 dentur
1241 2118 1382 2166 organa,
1401 2125 1519 2156 eodem
1537 2125 1623 2161 loco,
1641 2124 1700 2156 sed
1715 2126 1821 2165 magis
1839 2125 1873 2154 in
1891 2116 2014 2164 aprico

114 2181 224 2220 posita
251 2185 284 2209 et
311 2179 416 2210 multo
446 2179 630 2223 perfectius
655 2180 804 2218 evoluta,
831 2192 916 2223 quae
943 2192 1062 2214 revera
1083 2183 1330 2214 tentaculorum
1365 2194 1505 2215 munere
1532 2183 1647 2226 fungi,
1683 2184 1821 2213 minime
1857 2182 2005 2213 dubitari.

112 2243 235 2280 potest.

216 2296 312 2328 Haec
328 2304 406 2329 sunt
423 2310 507 2339 quae
527 2305 657 2338 tecum,
682 2299 842 2333 benevole
858 2300 986 2340 lector,
1013 2302 1054 2333 de
1071 2301 1264 2333 animalium
1289 2300 1410 2333 horum
1431 2308 1600 2336 structura
1621 2301 1799 2335 habuimus
1821 2303 2003 2335 communi-

115 2356 239 2394 canda,
265 2368 349 2398 quae
375 2359 405 2389 si
427 2361 650 2405 non-omnino
664 2361 727 2392 tibi
745 2360 1003 2405 displicuerent‚
1028 2361 1110 2392 laeti
1124 2360 1288 2392 calamum
1303 2365 1469 2406 ponimus,
