2090 2723
981 234 1006 246 N
1264 256 1267 264 Δ
1827 255 1829 259 Α
1981 231 2022 267 13

133 316 243 339 tamen
262 308 400 337 minime
417 315 460 335 ex
479 315 559 335 cavo
582 304 751 333 communi
768 303 982 340 injiciuntur,
999 307 1054 338 ut,
1071 313 1150 332 num
1165 311 1285 333 revera
1302 302 1386 332 rami
1406 303 1473 331 sint
1489 311 1530 331 an
1548 303 1660 343 potius
1677 301 1891 343 ligamentula
1903 327 1911 340 ‚
1929 304 2023 337 dubii

133 367 240 398 adime
258 366 463 396 haereamus.
516 363 643 393 Eodem
661 368 771 392 autem
791 361 891 391 modo
912 360 1105 391 Holothu
1116 363 1149 391 ri
1162 371 1205 391 ae
1234 367 1305 391 tum
1333 360 1442 391 ferma
1462 366 1620 397 externa,
1657 362 1826 404 generali,
1847 368 1919 393 tum
1939 370 2023 394 stru-

132 431 225 456 ctura
242 423 448 466 singularum
466 424 613 464 partium
642 419 675 452 A
687 431 701 451 s
714 427 752 451 te
764 431 798 450 r]
810 430 850 451 as
877 420 976 462 longe
994 419 1196 450 antecellunt
1208 443 1218 457 ,
1245 431 1321 451 cum
1347 431 1432 457 non,
1458 425 1494 450 ut
1508 418 1588 457 hae,
1613 422 1760 461 quinque
1777 428 2023 463 componantur

132 483 282 525 partibus
300 488 418 512 exacte
435 482 497 512 sibi
517 480 800 523 respondentibus
825 486 858 510 ct
881 482 915 510 in
940 489 1044 509 unum
1071 481 1204 509 nonnisi
1228 479 1322 510 disco
1351 481 1492 509 minimo
1516 481 1638 515 unitis,
1680 479 1801 511 canalis
1823 481 2022 512 intestinalis

131 548 275 582 utroque
290 540 354 571 fine
372 543 561 583 aperiatur,
589 545 736 584 systema
754 540 1011 582 respiratorium
1027 548 1070 568 ex
1087 537 1264 581 superficie
1282 544 1423 569 externa
1447 537 1552 569 fuerit
1567 543 1731 575 tractum,
1767 544 1800 568 et
1823 541 2021 571 sensationis

85 594 88 595 ⁷
132 611 256 643 organa,
271 600 389 631 melius
410 599 579 631 elaborata
606 598 796 629 exhibeant.

123 718 127 722 ι
233 674 431 721 Systema
457 677 777 718 respirationis
807 676 840 704 in
863 673 1040 716 superficie
1062 675 1215 716 corporis
1241 678 1384 704 externa
1405 676 1551 717 positum
1578 679 1648 711 est,
1684 685 1785 717 quam
1802 676 1951 705 maxima
1979 684 2023 705 ex

130 742 226 778 parte
241 738 336 778 tegit.
388 735 570 765 Innumera
588 736 802 765 constituitur
821 735 851 764 vi
869 733 1132 764 canaliculorum
1156 734 1495 765 membranaceormn
1520 744 1698 771 cavorum,
1726 736 1908 776 praecipue
1933 736 2023 763 inter

131 794 263 826 aculeos
281 796 480 837 positorum,
508 794 568 824 sed
585 795 751 833 majorum
769 803 901 833 quoque
926 792 1119 823 aculeorum
1137 793 1315 823 dimidium
1331 791 1472 823 inferius
1484 816 1493 829 ,
1510 799 1672 833 quatenus
1690 795 1838 835 pertinet
1857 792 2022 822 membra-

129 864 192 891 na,
219 855 273 884 cui
292 852 458 889 insident,
485 862 634 888 mucosa,
661 852 911 893 obtegentium,
938 851 1217 883 trachearum
1245 854 1380 883 nomine
1401 852 1472 892 jure
1494 863 1512 882 a
1547 851 1759 884 Cuvierio
1790 852 1849 890 ¹⁸)
1884 851 2022 892 insigni-

129 917 254 943 to‘rum.
306 911 343 942 In
367 911 438 942 aliis
463 912 639 954 speciebus
664 921 780 953 presse
799 921 833 941 se
852 913 1070 953 contingunt,
1096 913 1131 941 in
1149 911 1221 943 aliis
1237 910 1459 942 fasciculatim
1472 913 1560 942 inter
1579 910 1712 942 aculeos
1730 916 1911 953 ponuntur.
1965 907 2022 938 Ad

129 971 302 1002 radiorum
329 970 435 1001 latera
460 972 560 1001 etiam
584 973 619 1000 in
647 970 711 1001 illis
735 972 867 1001 nonnisi
893 969 1114 1001 fasciculatim
1141 976 1332 1012 ponuntur,
1372 968 1427 1000 hic
1444 976 1554 1001 autem
1577 969 1729 1001 nonnihil
1745 968 1916 1011 longiores
1934 972 2020 998 sunt.

130 1028 206 1072 Ope
222 1027 426 1071 organorum
443 1028 565 1060 horum
584 1040 702 1069 aquam
720 1030 792 1070 sngi
809 1034 840 1058 et
858 1029 945 1068 ejici,
965 1029 1078 1060 videre
1100 1035 1150 1060 est
1169 1031 1203 1059 in
1216 1027 1252 1060 A
1263 1039 1277 1059 s
1288 1031 1393 1059 terii
1405 1040 1418 1060 s
1430 1053 1438 1066 ,
1455 1041 1558 1071 aquae
1577 1031 1747 1059 immissis.
1770 1028 1809 1058 In
1823 1025 1879 1058 As
1890 1033 1902 1056 t
1914 1037 1930 1056 e
1941 1020 2021 1056 riis

130 1091 262 1120 siccatis
279 1094 419 1131 propter
434 1091 631 1119 tenuitatem
650 1094 680 1118 et
700 1087 944 1118 mollitudinem
962 1086 1082 1118 horum
1098 1099 1303 1130 organorum
1319 1098 1362 1118 ne
1380 1091 1558 1131 vestigium
1577 1088 1713 1129 quidem
1734 1090 2020 1129 apparet,0011tra,

129 1149 329 1189 praesertim
357 1150 391 1177 in
420 1147 586 1178 nonnullis
624 1147 800 1190 speciebus
812 1170 821 1184 ,
848 1158 878 1178 v.
902 1157 933 1189 g.
959 1145 1003 1177 A.
1032 1147 1233 1189 glaciali,
1260 1150 1295 1178 in
1318 1149 1380 1185 iis,
1415 1159 1500 1190 quae
1527 1149 1647 1191 spiritu
1670 1147 1738 1178 vini
1761 1148 2021 1187 immerguntur,

130 1208 256 1249 optime
283 1208 368 1237 visui
394 1207 611 1248 objiciuntur.

230 1290 411 1335 Quomodo
428 1301 511 1331 aqua
528 1289 650 1321 horum
666 1291 862 1322 tubulorum
878 1302 940 1333 ope
959 1293 992 1322 in
1010 1302 1132 1334 corpus
1149 1298 1316 1335 penetret,
1334 1295 1461 1323 nemini
1481 1299 1599 1323 exacte
1616 1291 1823 1332 descriptum
1840 1287 1913 1318 fuit.
1943 1284 2020 1316 Cu-

129 1352 295 1381 vierius
324 1362 397 1381 eam
424 1349 539 1381 forsan
564 1356 713 1392 exparte
741 1360 803 1392 ope
827 1353 1108 1382 mesenteriornm
1135 1353 1170 1382 in
1193 1363 1270 1383 vasa
1286 1354 1477 1397 systematis
1499 1352 1716 1393 digestionis,
1745 1348 1870 1379 forsam
1898 1345 1959 1376 alia
1977 1353 2020 1374 ex

128 1416 224 1452 parte
242 1412 275 1439 in
293 1420 413 1451 magua
429 1409 602 1439 radiorum
621 1406 793 1439 cava'duci
814 1415 931 1440 auctor
948 1416 1007 1441 est.
1032 1409 1090 1450 Ῐ9)
1131 1410 1349 1448 Sententiam,
1367 1411 1486 1442 ultimo
1507 1410 1581 1441 loco
1606 1411 1763 1439 emissam
1781 1417 1862 1438 vero
1880 1404 2019 1447 propius

128 1462 306 1503 accedere,
323 1474 461 1509 propter
479 1467 694 1497 membranae
706 1486 714 1499 ,
730 1465 820 1493 circa
838 1464 1061 1493 ventriculum
1078 1469 1110 1494 et
1127 1470 1329 1508 appendices
1345 1476 1505 1500 extensae
1523 1468 1674 1499 habitum
1685 1490 1694 1504 ‚
1711 1468 1898 1508 opinamur.
1926 1461 2019 1491 Haec

127 1529 218 1557 enim
232 1535 400 1566 magnam,
426 1525 576 1565 quamvis
592 1521 638 1552 illi
653 1520 867 1552 trachearum
885 1523 1022 1552 minime
1040 1524 1314 1564 comparandam,
1333 1523 1507 1558 tuborum,
1531 1529 1625 1552 certo
1641 1522 1759 1552 ordine
1777 1523 1965 1563 positorum
1985 1524 2019 1549 et

127 1587 162 1616 in
178 1584 283 1615 lineas
294 1582 495 1625 complures,
513 1580 696 1612 secundum
709 1580 882 1610 radiorum
899 1579 1145 1622 longitudinem
1163 1581 1381 1612 decurrentes
1399 1581 1654 1622 dispositorum,
1669 1579 1815 1610 tracheis
1833 1579 1933 1620 longe
1953 1587 2018 1607 ma-
2043 1593 2045 1596 ·

126 1644 251 1686 jorum,
267 1644 333 1673 vim
344 1636 537 1672 extrorsum
554 1641 688 1675 emittit,
698 1641 755 1680 qui
773 1638 899 1669 crificia
916 1641 949 1669 in
966 1641 1204 1681 integumentis
1215 1640 1448 1670 communibus
1467 1639 1584 1670 eodem
1604 1639 1722 1670 ordine
1741 1639 1902 1680 disposita
1920 1646 2020 1678 pene-

127 1708 240 1738 trant,
267 1703 314 1732 sic
340 1701 380 1731 ad
405 1700 524 1730 faciem
550 1704 726 1729 externam
742 1700 963 1740 perveniunt,
991 1699 1048 1728 ubi
1064 1698 1222 1729 tracheae
1238 1701 1320 1741 ipsis
1347 1698 1550 1740 affiguntur,
1584 1698 1635 1729 vel
1657 1697 1794 1728 ultimae
1810 1706 1927 1728 eorum
1943 1705 2017 1737 pro—

126 1763 266 1803 pagines
282 1765 469 1801 emergunt.
521 1757 568 1788 Hi
583 1759 687 1800 igitur
703 1757 809 1788 tubuli
826 1759 897 1788 viae
917 1763 1014 1794 sunt,
1041 1758 1160 1798 quibus
1180 1768 1264 1798 aqua
1278 1759 1313 1788 in
1329 1769 1488 1800 magnum
1510 1759 1676 1799 spatium,
1712 1766 1836 1798 organa
1854 1755 2016 1785 interiora

128 1827 161 1851 et
178 1825 288 1850 cutem
304 1817 515 1849 intercedens
533 1816 741 1859 perducitur.
802 1816 1004 1848 Membrana
1020 1818 1135 1859 igitur,
1155 1828 1240 1858 quae
1257 1819 1445 1859 generatim
1461 1828 1525 1860 pro
1541 1817 1754 1848 mesenteriis
1771 1814 1823 1846 vel
1840 1815 2018 1856 peritoneo

127 1877 290 1915 habetur,
307 1877 426 1908 eodem
443 1877 516 1918 jure
535 1878 653 1918 organi
670 1878 880 1918 respiratorii
896 1887 975 1919 pars
991 1878 1115 1907 interni
1134 1878 1197 1907 erit
1216 1876 1391 1908 censenda.

716 1933 722 1943 .

229 1954 320 1999 Quin
343 1955 468 1988 immo,
491 1953 524 1981 ni
543 1953 690 1993 graviter
710 1948 875 1988 fallimur,
902 1953 938 1982 in
957 1951 1230 1985 hacmembrana
1247 1950 1433 1994 reperimus
1455 1957 1682 1988 structuram,
1707 1950 1749 1981 ad
1763 1946 2014 1991 propellendam

131 2024 268 2056 aquam,
297 2022 436 2053 eamque
451 2022 527 2042 cum
544 2012 679 2052 organis
697 2013 839 2042 internis
859 2009 1120 2048 admovendam,
1132 2017 1204 2042 tum
1226 2017 1418 2043 extrorsum
1437 2011 1623 2054 pellendam
1644 2020 1727 2051 quae
1748 2009 1835 2039 facit.
1886 2006 2015 2037 Decur-

129 2075 175 2103 rit
192 2074 280 2102 euim
305 2071 404 2114 longe
428 2071 573 2100 mediam
593 2076 697 2100 totam
722 2072 814 2112 ipsus
839 2069 961 2101 faciem
984 2072 1018 2100 in
1035 2075 1151 2112 parte,
1185 2070 1424 2112 duplicamus,
1458 2081 1559 2112 supra
1579 2070 1793 2105 memoratis,
1825 2066 2014 2104 interjecta,

127 2133 211 2163 stria
228 2132 383 2161 continua
394 2153 403 2166 ,
420 2130 542 2160 coloris
558 2129 689 2167 brunei,
715 2128 789 2161 satis
806 2130 901 2172 larga
918 2136 952 2161 et
966 2129 1121 2161 nonnihil
1135 2129 1263 2172 reliqua
1279 2130 1476 2161 membrana
1489 2131 1647 2165 crassior,
1674 2138 1774 2169 quam
1789 2124 2010 2156 musculosam

128 2200 196 2221 non
213 2191 285 2221 sine
304 2191 395 2219 omni
410 2192 560 2220 veritatis
579 2191 689 2231 specie
705 2189 901 2231 judicamus.

204 2265 258 2297 De
275 2276 289 2296 3
300 2276 323 2310 y
332 2275 346 2296 s
356 2270 371 2295 t
382 2276 398 2296 e
410 2276 443 2295 m
454 2271 493 2296 at
503 2276 519 2296 e
547 2277 566 2296 n
579 2277 595 2296 e
606 2276 622 2296 r
632 2277 650 2297 v
659 2277 679 2297 o
690 2276 735 2296 ru
745 2277 777 2296 m
801 2264 958 2303 fatemur,
974 2275 1034 2297 nos
1044 2276 1112 2296 non
1122 2267 1259 2297 omnino
1275 2271 1366 2297 certa
1375 2263 1654 2308 proferre-posse.
1681 2262 1709 2294 C
1718 2274 1739 2293 u
1749 2263 1786 2293 vi
1797 2272 1814 2292 e
1825 2270 1842 2291 r
1851 2262 1860 2290 i
1869 2269 1891 2289 u
1901 2267 1915 2289 S
1943 2257 2012 2298 qui·

129 2326 207 2357 dem
225 2335 347 2355 zonam
365 2324 528 2355 describit
545 2323 772 2367 oesophagum
790 2325 1190 2368 cingentem‚substantia
1207 2324 1292 2362 alba,
1307 2324 1396 2355 molli
1416 2322 1589 2355 conflatam
1607 2329 1639 2353 et
1658 2323 1774 2353 decem
1791 2319 1841 2350 fila
1858 2319 2011 2349 emitten-

127 2388 196 2414 tem
213 2385 260 2414 ita
278 2383 459 2424 disposita,
477 2389 514 2413 ut
527 2383 666 2426 singulis
684 2384 786 2415 radiis
804 2384 871 2415 duo
887 2385 1073 2426 obtingant.
1101 2383 1184 2414 Bina
1198 2383 1250 2415 fila
1266 2390 1443 2426 postquam
1464 2383 1503 2414 ad
1522 2383 1607 2413 radii
1626 2382 1720 2412 basin
1736 2387 1931 2422 pervenere,
1948 2381 2010 2405 stam

128 2443 189 2472 tim
207 2452 269 2484 ope
287 2440 331 2472 fili
347 2444 531 2473 transversi
551 2442 659 2475 brevis
672 2445 853 2480 uniuntur,
879 2443 956 2475 dein
975 2443 1016 2476 ad
1034 2442 1120 2474 radii
1138 2441 1238 2474 finem
1255 2453 1360 2484 usque
1377 2443 1571 2475 decurrunt.
1623 2440 1677 2472 Ex
1702 2440 1834 2471 unionis
1851 2436 1926 2467 loco
1942 2432 2008 2465 filo·

164 2545 209 2579 ¹8)
230 2544 260 2574 L.
281 2552 304 2573 e.
323 2545 357 2572 T.
375 2545 429 2573 IV(
440 2555 467 2582 p.
488 2551 548 2578 282.
1189 2550 1236 2582 19)
1255 2546 1324 2573 lbid.
