2090 2723
363 217 968 265 FIGURARUM
1048 218 1698 281 EXPLICATIO.

183 408 255 453 Fig.
274 417 305 442 1.
359 407 454 440 Sistit
471 406 514 439 A.
544 407 779 450 glacialem
811 416 829 437 a
847 406 949 436 dorso
967 409 1162 446 spectatam
1215 402 1342 447 Singuli
1362 409 1447 437 rami
1463 409 1508 438 ita
1523 413 1599 438 sunt
1616 405 1779 444 exhibiti,
1800 413 1838 438 ut
1854 407 1977 450 singuli

85 470 235 501 diversas
252 469 431 500 ostendant
448 473 572 509 partes.
609 466 634 497 Ι.
663 465 796 497 Faciem
812 464 963 496 animalis
981 469 1155 494 extemam
1175 465 1284 501 sistit,
1314 467 1348 495 in
1366 472 1460 507 parte
1478 468 1610 497 interna
1626 469 1849 509 supeiiorem,
1866 468 1903 496 in
1921 477 1977 496 ex-

84 535 182 560 terna
194 527 393 559 inferiorem
411 532 443 556 et
459 525 642 556 lateralem.
695 524 737 555 H.
763 524 874 555 Lobos
892 522 933 554 he
927 524 1065 565 paticos
1077 546 1087 560 ,
1116 533 1160 557 ex
1176 509 1272 553 ladio
1290 512 1454 556 exemtos.
1506 525 1566 556 ΠΙ.
1594 525 1726 556 Faciem
1742 527 1881 567 parietis
1896 523 1978 555 infe·
1981 523 1987 528 '

84 590 186 619 rioris
200 589 386 621 internam,
421 587 565 616 exemtis
592 584 748 615 omnibus
765 583 973 619 visceiibus,
999 583 1058 612 ubi
1082 582 1278 619 vestem-,ae
1299 589 1446 627 systema
1463 595 1662 622 nervosum,
1690 586 1778 616 sacci
1796 582 1979 614 tentaculo-

84 656 161 678 rum
179 651 352 688 apparent.
384 643 563 681 Praeterea
579 650 709 686 partem
727 653 858 684 quoque
875 643 1015 684 parietis
1033 643 1219 683 superioris
1239 640 1399 672 reflexam
1416 643 1518 674 vides.
1571 643 1629 675 lv.
1646 643 1771 675 Ablata
1788 648 1884 678 cute,
1904 641 1979 672 dor-

85 715 160 736 sum
179 709 324 747 tegente,
354 703 569 739 membrana,
595 702 721 733 tubulis
739 701 876 732 obsessa
893 700 999 732 oculis
1023 694 1098 749 sese
1121 699 1233 731 offert.
1267 730 1273 733 ,
1311 700 1353 731 V.
1382 701 1533 746 Systema
1551 713 1731 734 nervosum
1746 707 1780 732 et
1795 702 1908 732 ovaria
1925 710 1980 731 ex-

41 786 47 790 »
85 758 189 795 hibet.
242 762 281 793 In
301 762 414 792 medio
432 767 572 804 apparet
589 761 808 798 ventriculus,
823 771 907 791 zona
924 769 1047 791 nervea
1064 765 1096 790 et
1112 762 1200 790 sacci
1216 760 1259 791 ad
1275 766 1422 805 systema
1439 762 1692 792 circulatorium
1708 762 1929 803 pertinentes.

187 820 483 867 aa.rventriculus,
512 821 589 851 bbb.
607 821 829 862 appendices,
863 831 892 850 e.
911 829 1026 850 earum
1050 819 1169 849 ductus
1196 822 1426 856 excretorius,
1461 821 1493 850 d.
1513 819 1753 864 appendiculae
1779 818 1822 849 ad
1839 817 1979 848 fundum

86 879 261 913 ventriculi
279 882 431 922 positae,
456 890 484 911 e.
500 889 555 911 vas
571 879 779 922 appendicis,
798 875 846 909 e*.
865 879 936 918 ejus
955 879 1135 919 impressio
1150 879 1185 907 in
1202 883 1298 914 cute,
1325 877 1347 908 f.
1364 879 1456 914 idem
1472 885 1625 921 apertum
1637 901 1647 915 ,
1688 889 1718 920 g.
1738 876 1852 919 parfes
1870 879 1979 907 161113-1

87 940 240 972 culorum
259 941 432 975 internae,
466 938 499 969 h.
515 938 706 975 foramina,
740 949 802 981 per
820 948 903 979 quae
922 942 1101 979 penetrant
1117 937 1306 974 tentacula,
1330 939 1375 967 -ii.
1394 941 1526 975 ovaria,
1563 937 1597 969 k.
1615 938 1847 968 vertebrarum
1863 922 1979 969 series,

86 999 108 1030 l.
126 997 317 1034 tentacula,-
347 1008 391 1028 111.
415 1007 494 1040 pars
518 1000 636 1040 organi
654 999 864 1040 respiratorii
879 998 1012 1026 interna
1035 1006 1111 1026 cum
1127 995 1274 1032 tubulis,
1308 1007 1341 1026 11.
1362 998 1446 1027 stria
1463 997 1533 1038 ejus
1553 996 1760 1031 musculosa,
1795 1005 1825 1025 o.
1849 991 1981 1036 ganglia
2008 1015 2010 1017 »

89 1064 123 1089 et
141 1057 194 1088 fila
212 1066 354 1093 nervum,
380 1067 412 1099 p.
431 1068 517 1088 zona
534 1067 656 1088 nervea
668 1080 677 1093 ‚
711 1068 743 1097 q.
761 1057 848 1086 sacci
863 1061 896 1086 et
913 1066 939 1085 r.
955 1055 1037 1085 tuba
1055 1055 1097 1085 ad
1113 1064 1191 1086 vasa
1208 1053 1457 1086 tentaculorum
1478 1058 1698 1097 pertinentes.

166 1116 260 1158 2F1g.
281 1125 403 1161 1-4,
456 1115 509 1146 Ex
534 1114 577 1146 A.
603 1126 646 1146 ar
659 1112 832 1146 antiaca
858 1114 1031 1145 desumtae
1054 1118 1141 1144 sunt.
1194 1102 1263 1155 Fig.
1283 1122 1315 1146 2.
1344 1112 1486 1145 Osseam
1509 1124 1707 1157 compagem
1730 1115 1827 1144 sistit.
1870 1121 1897 1142 a.
1920 1121 1982 1153 par

88 1176 237 1219 primum
248 1196 257 1211 ‚
283 1175 315 1204 b.
333 1185 395 1217 par
410 1175 594 1206 secundum
606 1197 615 1212 ‚
643 1186 671 1206 e.
684 1176 844 1210 tertium,
872 1172 905 1203 d.
922 1178 1078 1213 quartum
1089 1193 1099 1208 ‚
1128 1181 1156 1202 e.
1174 1171 1357 1203 ossiculum
1374 1173 1613 1214 intermedium
1624 1195 1632 1208 ,
1667 1171 1704 1203 ff.
1721 1181 1783 1214 par
1801 1170 1984 1202 tentaculo-

89 1245 176 1265 rum.
253 1232 324 1275 Fig.
354 1243 384 1277 3.
421 1233 502 1265 Pars
519 1234 649 1270 media,
695 1235 877 1276 praecipue
900 1242 975 1265 vasa
998 1230 1246 1261 tentaculorum
1273 1230 1458 1268 exhibens,
1485 1242 1513 1264 a.
1538 1230 1725 1268 vesiculae,
1752 1230 1784 1260 b.
1798 1230 1898 1266 tuba,
1940 1224 1983 1258 b*
2009 1258 2013 1261 .

90 1294 278 1325 substantia
295 1292 404 1324 mollis
415 1316 424 1329 ‚
453 1293 594 1323 eandem
612 1292 843 1327 circumdans,
870 1302 898 1321 c.
918 1289 1042 1321 canalis
1056 1289 1230 1320 circularis
1241 1312 1250 1326 ,
1277 1292 1425 1320 maxima
1448 1300 1491 1320 ex
1505 1296 1600 1331 parte
1620 1295 1755 1332 apertus
1767 1311 1777 1325 ‚
1790 1287 1933 1319 ,6111011113
1948 1289 1984 1317 111

89 1351 172 1383 locis
192 1351 342 1388 clausus,
360 1342 401 1382 d.
427 1362 503 1383 vasa
519 1352 665 1382 duorum
685 1351 860 1383 radiorum
874 1355 1011 1391 aperta,
1046 1359 1114 1379 eee.
1137 1351 1242 1379 series
1267 1349 1499 1380 vertebrarum
1522 1340 1627 1379 trium
1648 1347 1822 1379 radiorum
1841 1345 1984 1386 reliquo—

91 1421 187 1446 rum,
215 1409 280 1440 ffff.
298 1410 385 1441 radii
401 1410 562 1448 abscissi,
597 1421 628 1453 g.
652 1412 839 1452 sepimenta
859 1408 1018 1439 tendinea
1041 1410 1076 1438 in
1103 1407 1232 1449 angulis
1255 1399 1528 1438 interl-{idiah'bus
1552 1408 1679 1449 positam
1706 1405 1738 1436 11.
1760 1415 1887 1446 organa
1906 1405 1989 1435 deu-¹

91 1468 213 1501 dritica
232 1476 306 1508 pag.
326 1476 380 1509 15.
395 1479 527 1500 memoi
530 1476 602 1504 ata,
630 1471 690 1500 iiii.
713 1467 876 1504 ampullae
895 1459 1143 1494 tentaculorum
1156 1461 1331 1496 internae,
1357 1460 1392 1493 k.
1417 1465 1625 1503 oesophagus
1645 1475 1689 1494 ex
1705 1466 1773 1495 mis
1789 1463 1984 1493 membrana

92 1534 278 1567 emergens.
332 1523 401 1565 Fig.
418 1532 452 1566 4.
481 1521 650 1552 Vertebra
664 1531 741 1551 cum
756 1518 953 1555 tentaculss,
981 1528 1021 1550 3.
1034 1528 1089 1550 vas
1108 1518 1378 1559 tentaculorum
1367 1530 1403 1549 111
1420 1520 1532 1551 medio
1549 1520 1750 1558 dissectum,
1783 1520 1814 1550 b.
1836 1526 1983 1550 tentacu-

91 1585 161 1617 lum
179 1587 370 1625 integrum,
411 1592 438 1611 c.
455 1581 545 1611 idem
563 1589 644 1622 apel
646 1585 727 1609 tum.

170 1642 241 1684 Fi«
255 1650 286 1685 5.
302 1646 335 1671 et
355 1641 386 1674 6.
416 1651 459 1670 ex
478 1638 521 1670 A.
538 1638 723 1681 ophiura
739 1637 912 1667 desumtae
930 1640 1016 1667 sunt.
1044 1634 1115 1677 Fig.
1133 1644 1165 1679 5.
1192 1635 1305 1667 discus
1323 1647 1367 1667 ex
1383 1643 1480 1680 pnite
1499 1647 1678 1680 superrore
1694 1643 1840 1679 apertus.
1883 1647 1910 1668 a.
1927 1636 1983 1669 Pa-

94 1705 161 1734 ries
177 1699 354 1733 ventriculi
372 1701 528 1740 superior
544 1697 672 1728 ablatus
691 1703 723 1728 et
738 1694 904 1731 reflexus,
931 1694 1010 1725 bbb.
1037 1704 1189 1725 recessus
1208 1695 1325 1726 decem
1342 1697 1536 1734 ventriculi,
1570 1708 1617 1727 cc.
1642 1697 1775 1733 dentes,
1809 1695 1886 1727 ddd.
1909 1706 1982 1727 ova-

95 1764 145 1792 ria
157 1783 166 1797 ,
194 1771 221 1790 e.
243 1768 321 1789 cava
338 1759 373 1788 in
389 1767 474 1798 quae
490 1755 583 1787 hiant
594 1779 603 1793 ,
631 1755 653 1786 f.
670 1765 758 1786 u-n-is
771 1766 815 1786 ex
832 1756 978 1795 quinque
996 1753 1100 1783 radiis
1117 1759 1262 1795 apertus.
1315 1754 1385 1799 Fig.
1403 1755 1435 1789 6.
1467 1754 1565 1788 Disei
1583 1755 1685 1787 facies
1701 1754 1861 1791 inferior,
1889 1764 1917 1784 a.
1933 1763 1982 1790 os,

97 1820 129 1850 b.
147 1817 275 1850 orificia
291 1816 358 1849 duo
376 1822 517 1847 externa
527 1838 538 1853 ,
564 1827 592 1847 c.
608 1818 740 1847 interna
760 1814 801 1845 ad
812 1824 936 1859 >cavum
951 1813 1144 1844 ovarioruin
1162 1813 1328 1846 ducentia.
