2090 2723
225 121 237 129 ,
1937 120 1958 149 k)

66 195 149 229 quos
167 183 337 219 referunt3
356 184 389 212 in
404 190 439 214 sc
461 183 551 224 ipsos
573 178 691 212 reflexi
707 182 741 212 in
758 183 912 223 corporis
937 181 1031 212 disco
1055 186 1247 224 ponuntur,
1275 182 1335 215 sed
1353 179 1669 216 situm'eorundem
1693 195 1897 228 Ol'ganornm
1925 191 1956 230 5⁸¹¹

66 245 266 278 Asteriis
294 241 371 271 ideo
388 243 584 276 imitantur,
611 240 702 280 quod
718 243 905 271 arctissime
920 243 1156 282 apprimuntur
1177 241 1349 273 radiorum
1366 245 1456 285 parti
1475 246 1635 281 intimae,
1650 246 1739 275 intra
1761 247 1890 279 discum
1917 250 1958 279 ad

68 310 257 347 aperturam
275 301 344 330 oris
360 309 465 340 usqne
483 301 698 341 pertingenti.
751 298 920 342 Respectu
941 305 1119 341 aperturae
1144 302 1179 330 in
1206 311 1245 331 eo
1269 299 1433 332 differunt
1459 303 1500 333 ab
1524 301 1743 341 Asteriis‚
1776 308 1865 347 quod
1894 310 1957 338 sin-

67 362 143 406 gula
160 362 273 391 ovaria
288 360 323 389 in
339 368 436 389 sacco
450 357 680 394 includuntur,
707 356 837 389 duob'us
855 360 963 394 rimis,
978 360 1058 388 satis
1075 361 1219 400 magnis,
1246 361 1281 390 in
1298 359 1381 391 facie
1396 360 1559 393 int'eriore
1586 363 1670 394 disci
1686 367 1812 406 optime
1828 370 1956 409 conspi-

68 423 157 457 cuis,
181 425 374 450 extrorsum
393 416 514 449 hiante.
574 415 706 449 Harum
726 419 887 448 rimarum
905 411 1007 448 altera
1031 417 1170 449 ambitui
1197 419 1282 450 disci
1312 425 1405 470 arete
1428 424 1606 463 apponitur
1623 444 1634 459 9
1676 422 1816 455 alteram
1842 437 1955 458 versus

66 486 278 522 aperturam,
305 477 346 507 ad
364 486 401 508 os
417 477 613 513 ducentem,
640 487 745 519 prope
759 475 859 507 finem
877 476 963 507 radii
979 477 1169 513 internum,
1192 479 1333 510 invenis.
1386 477 1539 520 Utraque
1563 481 1659 511 radio
1677 483 1879 527 vicinissime
1904 496 1957 528 ap-

64 541 211 582 ponitur.
291 535 445 580 Quatuor
460 537 564 577 igitur
584 535 729 572 orificio,
764 538 800 566 in
825 534 966 577 singulis
982 536 1174 566 interstitiis
1198 543 1374 574 contenta,
1409 545 1616 580 convergunt
1642 545 1673 570 et
1700 551 1743 571 ex
1768 543 1885 583 viginti
1906 543 1956 576 his

65 596 201 628 orificiis
219 595 259 626 ad
274 597 387 626 ovaria
406 595 633 637 spectantibus
653 594 748 625 steila
761 596 890 630 oritur,
916 604 991 624 cum
1009 595 1112 625 totins
1128 595 1302 632 animalis,
1329 602 1401 627 tum
1420 602 1597 639 aperturae
1617 597 1657 628 ad
1678 608 1810 630 saccum
1828 602 1957 633 intesti-

64 656 171 687 nalem
190 654 408 685 conducentis
433 653 577 684 formam
602 655 747 684 imitans.
1372 649 1373 654 ¹
1600 657 1607 661 ”

166 713 255 745 Num
274 719 410 755 praeter
430 715 541 743 ovaria
562 711 625 743 alia
643 723 774 754 quoque
789 712 910 742 dantur
927 715 1154 754 generationis
1171 712 1323 756 organa?
1343 713 1401 745 Cu
1414 717 1452 746 vi
1464 716 1583 746 erius
1612 718 1745 747 nonnisi
1763 718 1804 749 de
1819 717 1870 751 his
1889 730 1956 752 ser-

63 784 198 806 monem
216 771 297 803 facit
330 772 404 811 1¹).
457 770 636 814 Spixins
663 778 781 802 contra
797 773 937 802 minime
952 771 1116 803 dubitavit
1136 782 1307 810 asserere,
1335 784 1370 804 se
1385 776 1419 804 in
1447 771 1650 805 Asteriis
1678 779 1845 817 reperisse
1861 790 1956 822 orga-

63 844 106 865 na
121 831 268 864 mascula
299 833 357 872 ¹²)
371 855 380 868 ,
413 841 497 873 quae
514 829 578 861 hoc
598 831 698 861 modo
718 831 890 861 describit.
943 830 1006 868 „In
1021 829 1106 861 facie
1127 834 1279 873 corporis
1300 835 1496 874 superiore,
1514 844 1619 875 prope
1640 836 1739 866 unius
1758 841 1888 868 tantum
1904 849 1955 868 ra-

63 891 195 923 diorum
215 893 305 933 paris
323 892 492 926 unionem,
507 889 720 919 tuberculum
736 891 905 919 invenitur
923 892 1152 931 spongiosum,
1170 891 1377 928 rotundum„
1390 903 1585 923 concavum.
1615 892 1653 924 In
1671 891 1769 933 hujus
1789 896 1953 927 tuberculi

63 960 143 982 cavo
161 950 291 980 canales
309 950 375 980 duo
398 950 613 979 continentur
629 949 765 984 intorti,
798 947 883 978 alter
898 947 1122 989 gelatinosus‚
1149 949 1323 982 coeruleus
1336 973 1345 987 ‚
1373 950 1456 981 alter
1473 953 1674 993 spongiosus
1691 958 1724 982 et
1743 951 1852 990 albus,
1876 965 1954 995 quo-

62 1007 138 1040 rffin
152 1009 208 1039 iile
226 1019 331 1051 prope
350 1009 538 1049 marginem
553 1017 687 1037 osseum
704 1008 739 1036 in
753 1005 842 1037 hunc
859 1009 1020 1047 aperitur,
1039 1009 1108 1048 qui,
1131 1018 1246 1039 versus
1267 1008 1497 1051 oesophagum
1513 1010 1733 1048 descendens,
1760 1018 1954 1044 extrorsum

60 1070 220 1111 aperitur.
274 1067 355 1099 Pars
370 1065 453 1097 haee
472 1071 503 1095 et
521 1066 587 1095 situ
604 1070 636 1094 et
652 1063 758 1106 figura
773 1064 930 1095 limacum
947 1076 1067 1108 penem
1092 1067 1339 1107 quodammodo
1357 1067 1484 1106 refert,
1517 1070 1656 1101 minime
1681 1075 1791 1100 autem
1817 1081 1880 1113 pro
1903 1083 1955 1103 or-

59 1138 147 1169 gano
169 1126 303 1158 salivari
325 1125 442 1156 haberi
466 1129 586 1165 potest.
599 1126 620 1140 ‘⁶
674 1123 753 1163 Ejus
776 1126 968 1166 praesentia
988 1125 1143 1156 inductus
1170 1126 1356 1169 ''Spixius
1391 1126 1670 1159 Asteriarum
1705 1134 1820 1160 coetus
1846 1133 1952 1175 coitus

60 1196 177 1216 caussa
198 1184 270 1215 fieri
296 1184 359 1214 sibi
383 1183 560 1225 persuasit.
639 1181 757 1223 Neque
782 1189 896 1213 tamen
918 1182 1001 1214 haec
1026 1184 1066 1215 de
1090 1187 1195 1227 partis
1221 1184 1320 1227 hujus
1343 1196 1407 1216 usu
1431 1188 1598 1217 sententia
1621 1190 1759 1218 omnino
1783 1199 1869 1220 nova
1892 1196 1953 1226 est,

60 1255 135 1274 cum
151 1245 217 1284 jam
244 1241 478 1273 Fischerus
512 1240 578 1281 1³)
606 1251 680 1271 eam
695 1241 894 1284 protulerit,
921 1242 999 1280 sed,
1027 1244 1071 1276 ob
1086 1245 1188 1275 situm
1211 1244 1355 1288 papissae
1376 1254 1475 1288 saepe
1491 1246 1677 1277 muricibus
1701 1248 1839 1279 omnino
1867 1247 1952 1279 clau-

57 1310 152 1339 sum,
169 1303 334 1342 rejecerit.
1117 1340 1119 1342 Ι
1327 1344 1336 1345 Π
1876 1343 1878 1347 Δ

158 1360 329 1391 Veremur
351 1365 483 1396 tamen,
517 1370 559 1390 ne
586 1359 732 1402 Spixii
758 1360 800 1391 de
817 1361 928 1403 ‘partis
952 1359 1094 1403 hujusce
1119 1373 1183 1394 usu
1209 1366 1379 1395 sententia
1396 1362 1489 1395 haud
1514 1363 1665 1396 firmiore
1688 1367 1817 1396 nitatur
1836 1364 1951 1400 funda-

57 1425 174 1450 mento
191 1429 228 1450 ac
244 1418 380 1450 illorum
393 1420 451 1459 qui
482 1421 548 1455 „in
571 1419 748 1452 tuberculo
773 1418 878 1450 hocce
902 1409 1058 1451 osseoxet
1080 1420 1371 1463 labyrinthiformi
1394 1434 1494 1454 anum
1518 1426 1752 1465 reperierunt,
1795 1424 1951 1466 idemque
1972 1458 1975 1461 ,

58 1479 225 1513 „omnino
242 1477 313 1517 ejus
331 1477 458 1507 vicibus
474 1477 631 1518 gerendis
649 1478 809 1506 idoneum
825 1475 889 1505 sibi
913 1482 1172 1517 persuaserunt,
1198 1481 1308 1519 quod,
1336 1491 1412 1512 cum
1428 1480 1535 1512 Aste
1547 1483 1636 1512 riae
1660 1482 1776 1513 soljdjs
1799 1493 1867 1513 non
1884 1493 1951 1515 ves-

59 1536 210 1571 ‚scantur
226 1536 322 1570 cibis,
348 1533 473 1564 filtrum
488 1533 554 1564 tale
570 1533 616 1567 ad.
626 1530 829 1564 removenda
846 1533 1043 1575 digestionis
1060 1535 1194 1566 residua
1219 1535 1364 1567 sufficiat
1378 1541 1399 1555 “
1435 1535 1504 1575 ¹4).

159 1594 233 1625 Jam
260 1592 407 1635 Spixii
433 1591 531 1632 hujus
547 1594 652 1634 partis
670 1592 853 1633 descriptio
878 1592 960 1622 adeo
982 1595 1139 1624 inexacta
1166 1591 1232 1631 eft,
1252 1599 1290 1625 ut
1311 1597 1448 1626 minime
1472 1605 1523 1638 ex·
1541 1596 1657 1627 eadem
1678 1607 1742 1639 pro
1759 1596 1949 1630 definiendo

15 1684 22 1688 ,
57 1655 162 1695 ipsius
178 1663 239 1684 usu
258 1651 381 1692 aliquid
403 1649 489 1681 effici
507 1656 616 1692 queat.
670 1649 771 1694 Quod
788 1661 827 1681 eo
845 1652 951 1692 magis
969 1653 1151 1689 miramur,
1187 1664 1263 1683 eum
1290 1654 1356 1694 jam
1383 1651 1616 1686 Fischeru's
1644 1657 1725 1686 satis
1750 1642 1872 1687 hon—am
1895 1658 1949 1689 de<

58 1712 147 1742 derit
173 1712 301 1742 tubae
328 1711 368 1741 ab
387 1709 564 1741 tuberculo
578 1710 739 1741 deorsum
759 1715 792 1740 et
813 1711 1000 1741 introrsum
1026 1710 1238 1742 decurrentis
1264 1712 1526 1755 descriptionem
1552 1719 1602 1750 et,
1637 1717 1779 1745 materia
1803 1714 1947 1754 friabili,

35 1758 143 1801 ‘dura
168 1781 240 1801 eam
263 1769 416 1812 impleri,
453 1768 580 1799 dixerit
611 1768 682 1809 ¹5).

99 1856 110 1859 ,
156 1829 209 1860 En
241 1830 328 1871 jam,
362 1827 452 1869 quod
488 1830 523 1858 in
557 1828 732 1864 omnibus,
771 1827 830 1858 ubi
856 1829 891 1858 in
919 1838 992 1858 eam
1019 1829 1273 1869 inquisivimus,
1301 1831 1477 1872 speciebus
1493 1853 1502 1868 ,
1538 1835 1689 1873 reperire
1722 1831 1786 1862 fuit
1821 1832 1944 1865 datum.

59 1885 290 1929 Tuberculum
315 1886 398 1918 illud
422 1889 641 1929 spongiosum
661 1897 738 1929 pars
761 1886 860 1918 faciei
886 1889 1071 1929 superloris
1102 1894 1151 1919 est
1177 1888 1306 1930 reliqua
1331 1889 1480 1926 laevior,
1518 1897 1551 1921 et
1571 1891 1660 1922 basis
1688 1893 1762 1922 coni
1786 1902 1849 1934 pro
1873 1893 1943 1933 ejus

59 1946 276 1988 amplitudine
310 1948 390 1977 satis
423 1945 537 1987 longi‚‘
576 1947 612 1976 in
654 1945 775 1988 angulo
815 1948 903 1976 inter
938 1945 1022 1976 duos
1057 1947 1168 1978 radios
1209 1951 1320 1990 posito
1365 1958 1383 1978 a
1423 1948 1526 1980 dorso
1568 1955 1600 1980 et
1642 1952 1786 1980 circuitu
1828 1961 1943 1983 versus

57 2012 210 2036 centrum
238 2011 271 2036 et
296 2004 418 2036 faciem
442 2003 640 2036 inferiorem
673 2004 842 2036 tendentis
881 2010 980 2045 atque
1020 2007 1068 2036 ita
1100 2006 1254 2038 nonnihil
1280 2009 1451 2045 contorti,
1492 2014 1531 2038 ut
1564 2007 1666 2039 facies
1695 2009 1767 2049 ejus
1794 2020 1943 2053 convexa

55 2062 219 2094 inferiora
244 2073 360 2095 versus
387 2070 420 2094 et
449 2069 663 2100 extrorsum,
702 2073 847 2096 concava
872 2067 1010 2095 sursum'
1034 2070 1068 2095 et
1093 2067 1280 2097 introrsum
1312 2072 1450 2109 spectet.
1529 2066 1643 2098 conus
1685 2066 1739 2098 hic
1778 2067 1944 2100 formatur

57 2124 171 2165 prinso·
185 2122 372 2154 substantia
385 2122 553 2164 lapidosa;
597 2122 674 2161 dein
698 2122 894 2153 membrana
918 2124 1030 2160 tenui,
1072 2125 1293 2167 substantiam
1316 2124 1401 2157 hanc
1419 2126 1669 2163 circumdante,
1709 2128 1781 2168 ipsa
1800 2126 1909 2158 denuo
1925 2119 1971 2170 ab*

58 2185 165 2212 strato
180 2182 260 2212 satis
275 2191 400 2217 crasso,
427 2180 624 2223 glanduloso
635 2204 645 2218 ,
672 2180 774 2217 molli,
792 2181 921 2211 bruneo
939 2183 1154 2215 circumdata.
1184 2184 1309 2216 Omnia
1326 2187 1541 2216 continentur
1557 2187 1592 2215 in
1607 2187 1716 2226 spatio
1731 2186 1940 2227 triangulari,

61 2239 100 2270 ab
117 2241 256 2280 utraque
270 2245 365 2283 parte
383 2249 402 2270 a
418 2245 514 2282 septo
529 2241 727 2278 tendinoso‚
755 2250 773 2270 a
788 2239 915 2271 circulo
931 2250 1028 2272 osseo
1043 2243 1178 2274 interno
1195 2244 1235 2274 ad
1254 2246 1431 2275 circuitum
1448 2250 1481 2274 et
1504 2254 1522 2274 a
1538 2242 1622 2273 facie
1647 2245 1821 2285 superiore
1839 2245 1878 2275 ad
1894 2248 1941 2276 in-

95 2318 195 2353 ¹¹).L·
213 2327 236 2345 c.
255 2318 291 2344 T.
308 2313 354 2345 IV.
382 2327 410 2354 p.
433 2326 497 2353 7οο.
529 2320 532 2329 “
1065 2323 1119 2357 ι4)
1140 2323 1219 2352 Bosc.
1240 2321 1305 2349 hist.
1323 2329 1380 2354 nat.
1401 2321 1450 2348 des
1470 2331 1536 2348 veta.
1558 2321 1592 2347 T.
1614 2321 1644 2348 Π.
1666 2331 1692 2356 p.
1715 2326 1756 2352 98.

94 2361 147 2396 η)
162 2361 193 2388 L.
212 2370 239 2389 c.
257 2371 285 2397 p.
306 2361 369 2395 446.
510 2361 562 2396 13)
581 2360 661 2397 Apud
678 2360 863 2388 Linckium
881 2369 907 2396 p.
928 2361 970 2390 16.
1064 2367 1116 2402 15)
1138 2367 1170 2393 L.
1190 2375 1211 2392 e.
1232 2375 1259 2401 p.
1286 2371 1325 2398 15.

215 2418 222 2422 .
295 2414 300 2419 .
1507 2410 1529 2436 2
